
<record>
  <leader>04593cam a22004338i 4500</leader>
  <controlfield tag="001">21347786</controlfield>
  <controlfield tag="005">20200102082022.0</controlfield>
  <controlfield tag="008">191230s2020    ncu      b    001 0 eng  </controlfield>
  <datafield tag="906" ind1=" " ind2=" ">
    <subfield code="a">7</subfield>
    <subfield code="b">cbc</subfield>
    <subfield code="c">orignew</subfield>
    <subfield code="d">1</subfield>
    <subfield code="e">ecip</subfield>
    <subfield code="f">20</subfield>
    <subfield code="g">y-gencatlg</subfield>
  </datafield>
  <datafield tag="925" ind1="0" ind2=" ">
    <subfield code="a">acquire</subfield>
    <subfield code="b">1 shelf copy</subfield>
    <subfield code="x">policy default</subfield>
  </datafield>
  <datafield tag="955" ind1=" " ind2=" ">
    <subfield code="b">NcD 2019-11-26</subfield>
    <subfield code="w">xm04 2020-01-03</subfield>
  </datafield>
  <datafield tag="010" ind1=" " ind2=" ">
    <subfield code="a">  2019041096</subfield>
  </datafield>
  <datafield tag="020" ind1=" " ind2=" ">
    <subfield code="a">9781478007906</subfield>
    <subfield code="q">(hardcover)</subfield>
  </datafield>
  <datafield tag="020" ind1=" " ind2=" ">
    <subfield code="a">9781478008361</subfield>
    <subfield code="q">(paperback)</subfield>
  </datafield>
  <datafield tag="020" ind1=" " ind2=" ">
    <subfield code="z">9781478012009</subfield>
    <subfield code="q">(ebook)</subfield>
  </datafield>
  <datafield tag="040" ind1=" " ind2=" ">
    <subfield code="a">NcD/DLC</subfield>
    <subfield code="b">eng</subfield>
    <subfield code="e">rda</subfield>
    <subfield code="c">DLC</subfield>
  </datafield>
  <datafield tag="042" ind1=" " ind2=" ">
    <subfield code="a">pcc</subfield>
  </datafield>
  <datafield tag="043" ind1=" " ind2=" ">
    <subfield code="a">n-us-ca</subfield>
    <subfield code="a">a-ir---</subfield>
  </datafield>
  <datafield tag="050" ind1="0" ind2="0">
    <subfield code="a">ML3477.8.L67</subfield>
    <subfield code="b">H46 2020</subfield>
  </datafield>
  <datafield tag="082" ind1="0" ind2="0">
    <subfield code="a">782.42164/09955</subfield>
    <subfield code="2">23</subfield>
  </datafield>
  <datafield tag="100" ind1="1" ind2=" ">
    <subfield code="a">Hemmasi, Farzaneh,</subfield>
    <subfield code="d">1975-</subfield>
    <subfield code="e">author.</subfield>
  </datafield>
  <datafield tag="245" ind1="1" ind2="0">
    <subfield code="a">Tehrangeles dreaming :</subfield>
    <subfield code="b">intimacy and imagination in Southern California&apos;s Iranian pop music /</subfield>
    <subfield code="c">Farzaneh Hemmasi.</subfield>
  </datafield>
  <datafield tag="263" ind1=" " ind2=" ">
    <subfield code="a">2004</subfield>
  </datafield>
  <datafield tag="264" ind1=" " ind2="1">
    <subfield code="a">Durham :</subfield>
    <subfield code="b">Duke University Press,</subfield>
    <subfield code="c">2020.</subfield>
  </datafield>
  <datafield tag="300" ind1=" " ind2=" ">
    <subfield code="a">pages cm</subfield>
  </datafield>
  <datafield tag="336" ind1=" " ind2=" ">
    <subfield code="a">text</subfield>
    <subfield code="b">txt</subfield>
    <subfield code="2">rdacontent</subfield>
  </datafield>
  <datafield tag="337" ind1=" " ind2=" ">
    <subfield code="a">unmediated</subfield>
    <subfield code="b">n</subfield>
    <subfield code="2">rdamedia</subfield>
  </datafield>
  <datafield tag="338" ind1=" " ind2=" ">
    <subfield code="a">volume</subfield>
    <subfield code="b">nc</subfield>
    <subfield code="2">rdacarrier</subfield>
  </datafield>
  <datafield tag="504" ind1=" " ind2=" ">
    <subfield code="a">Includes bibliographical references and index.</subfield>
  </datafield>
  <datafield tag="505" ind1="0" ind2=" ">
    <subfield code="a">Introduction -- The Capital of 6/8 -- Iranian popular music and history: Views from Tehrangeles -- Expatriate erotics, homeland moralities -- Iran as a singing woman -- A nation in recovery -- Conclusion: Forty years.</subfield>
  </datafield>
  <datafield tag="520" ind1=" " ind2=" ">
    <subfield code="a">&quot;Tehrangeles, a name that combines Tehran and Los Angeles, is the home of an extensive Iranian expatriate culture industry. The music and popular culture created in Tehrangeles is broadcast by satellite television around the globe and has been immensely popular in Iran and throughout the Iranian diaspora. In TEHRANGELES DREAMING, Farzaneh Hemmasi traces the sources of the music&apos;s popularity, showing the ways it is unquestionably Iranian yet able to express ideas and affects not possible within the country itself. The attachment to homeland comes through the Iranian rhythms, but the music frequently features female solo singers or dancers, which are forbidden within the Iranian state. At the same time the music is associated with stereotypes of rich emigres and Southern California, and thus dismissed by others. The music is unabashedly pop and generally apolitical, which Hemmasi shows to be the source of its politics. The introduction sets up the argument and tells the story of the growth of the industry and the Los Angeles Iranian community in the context of post-revolutionary Iran. Chapter 2 describes the origins of Tehrangeles dance pop and its use of the six/eight time signature, a traditional Iranian dance rhythm long-associated with intimacy. Hemmasi argues that the practices and attitudes around six/eight time establish a sense of common sociality among cultural insiders but are also a sometime source of embarrassment. Chapter 3 focuses on expatriate narratives of Iranian popular music history. Hemmasi provides three views on the history of Iranian popular music prior to the revolution from four men involved with the music business since the 1950s and 1960s. Chapter 4 is about homeland, and the desire to return to the homeland of Iran through music and the reinvention of culture. Cultural producers in Tehrangeles operate within multiple moral, legal, and transnational regimes that they often only partially predict or comprehend. Chapters 5 and 6 focus on two expatriate musical celebrities who have claimed to reach and represent the nation from afar: Googoosh, who is a popular female singer; and Dariush Eghbali, who is an activist whose music and media exist in the space between political and personal transformation. The book concludes with a chapter on the changes that have occurred in Iran since the Iranian Revolution and the establishment of expatriate industries in Southern California, affirming the dreaming space of music, creation, and negotiation of both expatriates and people living in Iran. This book will be of interest to scholars in ethnomusicology, transnational media studies, Middle Eastern studies, and cultural studies&quot;--</subfield>
    <subfield code="c">Provided by publisher.</subfield>
  </datafield>
  <datafield tag="650" ind1=" " ind2="0">
    <subfield code="a">Iranians</subfield>
    <subfield code="z">California</subfield>
    <subfield code="z">Los Angeles</subfield>
    <subfield code="x">Music.</subfield>
  </datafield>
  <datafield tag="650" ind1=" " ind2="0">
    <subfield code="a">Popular music</subfield>
    <subfield code="z">California</subfield>
    <subfield code="z">Los Angeles</subfield>
    <subfield code="x">History and criticism.</subfield>
  </datafield>
  <datafield tag="650" ind1=" " ind2="0">
    <subfield code="a">Iranians</subfield>
    <subfield code="z">California</subfield>
    <subfield code="z">Los Angeles</subfield>
    <subfield code="x">Ethnic identity.</subfield>
  </datafield>
  <datafield tag="650" ind1=" " ind2="0">
    <subfield code="a">Iranian diaspora.</subfield>
  </datafield>
  <datafield tag="650" ind1=" " ind2="0">
    <subfield code="a">Popular music</subfield>
    <subfield code="z">Iran</subfield>
    <subfield code="x">History and criticism.</subfield>
  </datafield>
  <datafield tag="650" ind1=" " ind2="0">
    <subfield code="a">Music</subfield>
    <subfield code="x">Political aspects</subfield>
    <subfield code="z">Iran</subfield>
    <subfield code="x">History</subfield>
    <subfield code="y">20th century.</subfield>
  </datafield>
  <datafield tag="776" ind1="0" ind2="8">
    <subfield code="i">Online version:</subfield>
    <subfield code="a">Hemmasi, Farzaneh, 1975-</subfield>
    <subfield code="t">Tehrangeles dreaming.</subfield>
    <subfield code="d">Durham : Duke University Press, 2020.</subfield>
    <subfield code="z">9781478012009</subfield>
    <subfield code="w">(DLC)  2019041097</subfield>
  </datafield>
  <datafield tag="985" ind1=" " ind2=" ">
    <subfield code="a">NcDCIP</subfield>
    <subfield code="d">2019-11-26</subfield>
  </datafield>
</record>