
<record>
  <leader>01865cas a2200469 a 4500</leader>
  <controlfield tag="001">21347850</controlfield>
  <controlfield tag="005">20200102130703.0</controlfield>
  <controlfield tag="008">191230c20049999gw ar     o   0   b0ger  </controlfield>
  <datafield tag="010" ind1=" " ind2=" ">
    <subfield code="a">  2019214021</subfield>
  </datafield>
  <datafield tag="022" ind1=" " ind2=" ">
    <subfield code="a">1612-3964</subfield>
    <subfield code="l">1612-3964</subfield>
  </datafield>
  <datafield tag="035" ind1=" " ind2=" ">
    <subfield code="a">(OCoLC)ocm61522322</subfield>
  </datafield>
  <datafield tag="040" ind1=" " ind2=" ">
    <subfield code="a">GZQ</subfield>
    <subfield code="b">eng</subfield>
    <subfield code="c">GZQ</subfield>
    <subfield code="d">STF</subfield>
    <subfield code="d">OCLCQ</subfield>
    <subfield code="d">CFT</subfield>
    <subfield code="d">OHX</subfield>
    <subfield code="d">GTX</subfield>
    <subfield code="d">EMT</subfield>
    <subfield code="d">OCLCF</subfield>
    <subfield code="d">CUS</subfield>
    <subfield code="d">OCL</subfield>
    <subfield code="d">OCLCQ</subfield>
    <subfield code="d">DLC</subfield>
  </datafield>
  <datafield tag="041" ind1="0" ind2=" ">
    <subfield code="a">ger</subfield>
    <subfield code="a">eng</subfield>
    <subfield code="a">fre</subfield>
    <subfield code="a">ita</subfield>
    <subfield code="a">spa</subfield>
  </datafield>
  <datafield tag="042" ind1=" " ind2=" ">
    <subfield code="a">pcc</subfield>
  </datafield>
  <datafield tag="050" ind1="0" ind2="0">
    <subfield code="a">BT26</subfield>
    <subfield code="b">.A73</subfield>
  </datafield>
  <datafield tag="245" ind1="0" ind2="0">
    <subfield code="a">Archa verbi :</subfield>
    <subfield code="b">yearbook for the study of medieval theology.</subfield>
  </datafield>
  <datafield tag="260" ind1=" " ind2=" ">
    <subfield code="a">Münster :</subfield>
    <subfield code="b">Aschendorff,</subfield>
    <subfield code="c">©2005-</subfield>
  </datafield>
  <datafield tag="300" ind1=" " ind2=" ">
    <subfield code="a">volumes :</subfield>
    <subfield code="b">illustrations ;</subfield>
    <subfield code="c">25 cm</subfield>
  </datafield>
  <datafield tag="310" ind1=" " ind2=" ">
    <subfield code="a">Annual</subfield>
  </datafield>
  <datafield tag="336" ind1=" " ind2=" ">
    <subfield code="a">text</subfield>
    <subfield code="b">txt</subfield>
    <subfield code="2">rdacontent</subfield>
  </datafield>
  <datafield tag="337" ind1=" " ind2=" ">
    <subfield code="a">unmediated</subfield>
    <subfield code="b">n</subfield>
    <subfield code="2">rdamedia</subfield>
  </datafield>
  <datafield tag="338" ind1=" " ind2=" ">
    <subfield code="a">volume</subfield>
    <subfield code="b">nc</subfield>
    <subfield code="2">rdacarrier</subfield>
  </datafield>
  <datafield tag="362" ind1="0" ind2=" ">
    <subfield code="a">Vol. 1 (2004)-</subfield>
  </datafield>
  <datafield tag="546" ind1=" " ind2=" ">
    <subfield code="a">German, English, French. Italian, and Spanish.</subfield>
  </datafield>
  <datafield tag="550" ind1=" " ind2=" ">
    <subfield code="a">&quot;Yearbook of the International Society for the Study of Medieval Theology.&quot;</subfield>
  </datafield>
  <datafield tag="588" ind1=" " ind2=" ">
    <subfield code="a">Latest issue consulted: Vol. 12 (2015).</subfield>
  </datafield>
  <datafield tag="650" ind1=" " ind2="0">
    <subfield code="a">Theology</subfield>
    <subfield code="x">History</subfield>
    <subfield code="y">Middle Ages, 600-1500</subfield>
    <subfield code="v">Periodicals.</subfield>
  </datafield>
  <datafield tag="650" ind1=" " ind2="7">
    <subfield code="a">Theology</subfield>
    <subfield code="x">Middle Ages.</subfield>
    <subfield code="2">fast</subfield>
    <subfield code="0">(OCoLC)fst01907239</subfield>
  </datafield>
  <datafield tag="648" ind1=" " ind2="7">
    <subfield code="a">600 - 1500</subfield>
    <subfield code="2">fast</subfield>
  </datafield>
  <datafield tag="655" ind1=" " ind2="7">
    <subfield code="a">History.</subfield>
    <subfield code="2">fast</subfield>
    <subfield code="0">(OCoLC)fst01411628</subfield>
  </datafield>
  <datafield tag="655" ind1=" " ind2="7">
    <subfield code="a">Periodicals.</subfield>
    <subfield code="2">fast</subfield>
    <subfield code="0">(OCoLC)fst01411641</subfield>
  </datafield>
  <datafield tag="710" ind1="2" ind2=" ">
    <subfield code="a">International Society for the Study of Medieval Theology.</subfield>
  </datafield>
  <datafield tag="770" ind1="0" ind2=" ">
    <subfield code="t">Archa verbi. Subsidia</subfield>
    <subfield code="x">1865-2964</subfield>
    <subfield code="w">(OCoLC)182519825</subfield>
  </datafield>
  <datafield tag="776" ind1="0" ind2="8">
    <subfield code="i">Online version:</subfield>
    <subfield code="t">Archa Verbi</subfield>
    <subfield code="w">(OCoLC)755663343</subfield>
  </datafield>
  <datafield tag="850" ind1=" " ind2=" ">
    <subfield code="a">DLC</subfield>
  </datafield>
  <datafield tag="859" ind1="4" ind2="1">
    <subfield code="u">http://www.igtm-info.net/?page_id=489</subfield>
  </datafield>
  <datafield tag="859" ind1="4" ind2="1">
    <subfield code="u">http://search.ebscohost.com/direct.asp?db=a9h&amp;jid=%22AY10%22&amp;scope=site</subfield>
  </datafield>
  <datafield tag="853" ind1="2" ind2="0">
    <subfield code="8">1</subfield>
    <subfield code="a">(*)</subfield>
    <subfield code="i">(year)</subfield>
    <subfield code="w">a</subfield>
  </datafield>
  <datafield tag="863" ind1="4" ind2="1">
    <subfield code="8">1.1</subfield>
    <subfield code="a">1</subfield>
    <subfield code="i">2004</subfield>
  </datafield>
  <datafield tag="906" ind1=" " ind2=" ">
    <subfield code="a">7</subfield>
    <subfield code="b">cbc</subfield>
    <subfield code="c">serasst</subfield>
    <subfield code="d">3</subfield>
    <subfield code="e">ncip</subfield>
    <subfield code="f">20</subfield>
    <subfield code="g">n-oclcserc</subfield>
  </datafield>
  <datafield tag="925" ind1="0" ind2=" ">
    <subfield code="a">acquire</subfield>
    <subfield code="b">1 shelf copy</subfield>
    <subfield code="x">CLA 2019-07-31</subfield>
  </datafield>
  <datafield tag="955" ind1=" " ind2=" ">
    <subfield code="b">fd19 2019-12-30 ON ORDER</subfield>
    <subfield code="i">fd07 2019-12-31</subfield>
    <subfield code="a">fd07 2020-01-02 to fd33</subfield>
  </datafield>
</record>