
<record>
  <leader>03099cjm a2200541 i 4500</leader>
  <controlfield tag="001">21347851</controlfield>
  <controlfield tag="005">20200102145200.0</controlfield>
  <controlfield tag="007">sd|fsngnnmmned</controlfield>
  <controlfield tag="008">191230p19921987gw rcn|           | eng  </controlfield>
  <datafield tag="906" ind1=" " ind2=" ">
    <subfield code="a">0</subfield>
    <subfield code="b">ibc</subfield>
    <subfield code="c">orignew</subfield>
    <subfield code="d">4</subfield>
    <subfield code="e">ncip</subfield>
    <subfield code="f">20</subfield>
    <subfield code="g">y-soundrec</subfield>
  </datafield>
  <datafield tag="925" ind1="0" ind2=" ">
    <subfield code="a">acquire</subfield>
    <subfield code="b">2 shelf copies</subfield>
    <subfield code="x">policy default</subfield>
  </datafield>
  <datafield tag="955" ind1=" " ind2=" ">
    <subfield code="a">qr40 2019-12-30</subfield>
    <subfield code="i">qr40 2019-12-30</subfield>
  </datafield>
  <datafield tag="010" ind1=" " ind2=" ">
    <subfield code="a">  2019657130</subfield>
  </datafield>
  <datafield tag="024" ind1="3" ind2=" ">
    <subfield code="a">5099747199424</subfield>
  </datafield>
  <datafield tag="028" ind1="0" ind2="2">
    <subfield code="a">471994 2</subfield>
    <subfield code="b">Sony Music Entertainment/GmbH</subfield>
    <subfield code="q">(disc)</subfield>
  </datafield>
  <datafield tag="028" ind1="0" ind2="2">
    <subfield code="a">07-471994-10/1</subfield>
    <subfield code="b">Sony Music Entertainment/GmbH</subfield>
    <subfield code="q">(disc 1 additional no.)</subfield>
  </datafield>
  <datafield tag="028" ind1="0" ind2="2">
    <subfield code="a">07-471994-10/2</subfield>
    <subfield code="b">Sony Music Entertainment/GmbH</subfield>
    <subfield code="q">(disc 2 additional no.)</subfield>
  </datafield>
  <datafield tag="028" ind1="0" ind2="2">
    <subfield code="a">COL 471994 2</subfield>
    <subfield code="b">Sony Music Entertainment/GmbH</subfield>
    <subfield code="q">(container)</subfield>
  </datafield>
  <datafield tag="028" ind1="0" ind2="2">
    <subfield code="a">07-471994-10</subfield>
    <subfield code="b">Sony Music Entertainment/GmbH</subfield>
    <subfield code="q">(container additional no.)</subfield>
  </datafield>
  <datafield tag="040" ind1=" " ind2=" ">
    <subfield code="a">DLC</subfield>
    <subfield code="b">eng</subfield>
    <subfield code="e">rda</subfield>
    <subfield code="c">DLC</subfield>
  </datafield>
  <datafield tag="041" ind1="0" ind2=" ">
    <subfield code="d">eng</subfield>
    <subfield code="g">ger</subfield>
  </datafield>
  <datafield tag="050" ind1="0" ind2="0">
    <subfield code="a">SDD 32366</subfield>
  </datafield>
  <datafield tag="245" ind1="0" ind2="0">
    <subfield code="a">The best of Bizarre Festival, 1987-1992.</subfield>
  </datafield>
  <datafield tag="264" ind1=" " ind2="1">
    <subfield code="a">Germany :</subfield>
    <subfield code="b">Sony Music Entertainment/GmbH,</subfield>
    <subfield code="c">[1992]</subfield>
  </datafield>
  <datafield tag="300" ind1=" " ind2=" ">
    <subfield code="a">2 audio discs :</subfield>
    <subfield code="b">digital ;</subfield>
    <subfield code="c">4 3/4 in.</subfield>
  </datafield>
  <datafield tag="336" ind1=" " ind2=" ">
    <subfield code="a">performed music</subfield>
    <subfield code="b">prm</subfield>
    <subfield code="2">rdacontent</subfield>
  </datafield>
  <datafield tag="337" ind1=" " ind2=" ">
    <subfield code="a">audio</subfield>
    <subfield code="b">s</subfield>
    <subfield code="2">rdamedia</subfield>
  </datafield>
  <datafield tag="338" ind1=" " ind2=" ">
    <subfield code="a">audio disc</subfield>
    <subfield code="b">sd</subfield>
    <subfield code="2">rdacarrier</subfield>
  </datafield>
  <datafield tag="344" ind1=" " ind2=" ">
    <subfield code="a">digital</subfield>
    <subfield code="2">rdatr</subfield>
  </datafield>
  <datafield tag="344" ind1=" " ind2=" ">
    <subfield code="b">optical</subfield>
    <subfield code="2">rdarm</subfield>
  </datafield>
  <datafield tag="344" ind1=" " ind2=" ">
    <subfield code="g">stereo</subfield>
    <subfield code="2">rdacpc</subfield>
  </datafield>
  <datafield tag="347" ind1=" " ind2=" ">
    <subfield code="a">audio file</subfield>
    <subfield code="2">rdaft</subfield>
  </datafield>
  <datafield tag="347" ind1=" " ind2=" ">
    <subfield code="b">CD audio</subfield>
  </datafield>
  <datafield tag="500" ind1=" " ind2=" ">
    <subfield code="a">Title from disc label.</subfield>
  </datafield>
  <datafield tag="511" ind1="0" ind2=" ">
    <subfield code="a">Various artists.</subfield>
  </datafield>
  <datafield tag="518" ind1=" " ind2=" ">
    <subfield code="o">Recorded live</subfield>
    <subfield code="d">1987-1992.</subfield>
  </datafield>
  <datafield tag="520" ind1=" " ind2=" ">
    <subfield code="a">Compilation of performances</subfield>
  </datafield>
  <datafield tag="505" ind1="0" ind2=" ">
    <subfield code="a">CD1. Long way back from hell (Danzig) -- Pet semetary (the Ramones) -- The passenger (Iggy Pop) --Hang wire (Pixies) -- Sad (Immaculate Fools) -- Deus (Sugarcubes) -- Israel (Siouxsie and the Banshees) -- This is Michael (Phillip Boa) -- Unbelievable (EMF) -- Right here right now (Jesus Jones) -- (In search of) Penny Century (the Cassandra Complex) -- Yü Gong (fütter mein ego) (Einstürzende Neubauten) -- Scars of dancing (Kastrierte Philosophen) -- Fireball of love (Dubrovniks) -- Revelation (Fury in the Slaughterhouse) -- Ballad of Sister Sue (Slowdive) -- Suicide is allright (Rausch) --</subfield>
  </datafield>
  <datafield tag="505" ind1="0" ind2=" ">
    <subfield code="a">CD2. 51st state (New Model Army) -- Dirty old town (the Pogues) -- Where were you hiding when the storm broke? (the Alarm) -- Wasteland (the Mission) -- Last exit for the lost (the Fields of the Nephilim) -- Paralysed (Ride) -- Chew &amp; spit (Jingo de lunch) -- Holy &amp; girly (Freaky Fukin Weirdoz) -- Grand black citizen (Urban Dance Squad) -- Broken hearts (Living Colour) -- Anytime, anyplace, anywhere (Carter U.S.M.) -- Blues from a gun (the Jesus and Mary Chain) -- Just a dream (the Slags) -- Grab it (Plan B) -- Suspect device (Stiff Little Fingers) -- Love is a stranger (Helga Pictures) -- Rivers (demo version) (Rubicon).</subfield>
  </datafield>
  <datafield tag="650" ind1=" " ind2="0">
    <subfield code="a">Rock music</subfield>
    <subfield code="y">1981-1990.</subfield>
  </datafield>
  <datafield tag="650" ind1=" " ind2="0">
    <subfield code="a">Rock music</subfield>
    <subfield code="y">1991-2000.</subfield>
  </datafield>
  <datafield tag="650" ind1=" " ind2="0">
    <subfield code="a">Alternative rock music.</subfield>
  </datafield>
  <datafield tag="650" ind1=" " ind2="0">
    <subfield code="a">Gothic rock music.</subfield>
  </datafield>
  <datafield tag="650" ind1=" " ind2="0">
    <subfield code="a">Punk rock music.</subfield>
  </datafield>
  <datafield tag="655" ind1=" " ind2="7">
    <subfield code="a">Alternative rock music.</subfield>
    <subfield code="2">lcgft</subfield>
  </datafield>
  <datafield tag="655" ind1=" " ind2="7">
    <subfield code="a">Gothic rock music.</subfield>
    <subfield code="2">lcgft</subfield>
  </datafield>
  <datafield tag="655" ind1=" " ind2="7">
    <subfield code="a">Punk rock music.</subfield>
    <subfield code="2">lcgft</subfield>
  </datafield>
  <datafield tag="711" ind1="2" ind2=" ">
    <subfield code="a">Bizarre Festival</subfield>
    <subfield code="c">(Germany)</subfield>
  </datafield>
</record>