
<record>
  <leader>03611cam a22002775i 4500</leader>
  <controlfield tag="001">21348146</controlfield>
  <controlfield tag="005">20200102095016.0</controlfield>
  <controlfield tag="008">191231s2020    cau           000 0 eng  </controlfield>
  <datafield tag="906" ind1=" " ind2=" ">
    <subfield code="a">0</subfield>
    <subfield code="b">ibc</subfield>
    <subfield code="c">orignew</subfield>
    <subfield code="d">2</subfield>
    <subfield code="e">epcn</subfield>
    <subfield code="f">20</subfield>
    <subfield code="g">y-gencatlg</subfield>
  </datafield>
  <datafield tag="925" ind1="0" ind2=" ">
    <subfield code="a">acquire</subfield>
    <subfield code="b">1 shelf copy</subfield>
    <subfield code="x">policy default</subfield>
  </datafield>
  <datafield tag="955" ind1=" " ind2=" ">
    <subfield code="b">xd13 2019-12-31</subfield>
  </datafield>
  <datafield tag="010" ind1=" " ind2=" ">
    <subfield code="a">  2019957979</subfield>
  </datafield>
  <datafield tag="020" ind1=" " ind2=" ">
    <subfield code="z">9781681986371</subfield>
    <subfield code="q">(epub)</subfield>
  </datafield>
  <datafield tag="020" ind1=" " ind2=" ">
    <subfield code="z">9781681986364</subfield>
    <subfield code="q">(pdf)</subfield>
  </datafield>
  <datafield tag="020" ind1=" " ind2=" ">
    <subfield code="z">9781681986388</subfield>
    <subfield code="q">(mobi)</subfield>
  </datafield>
  <datafield tag="040" ind1=" " ind2=" ">
    <subfield code="a">DLC</subfield>
    <subfield code="b">eng</subfield>
    <subfield code="e">rda</subfield>
    <subfield code="c">DLC</subfield>
  </datafield>
  <datafield tag="042" ind1=" " ind2=" ">
    <subfield code="a">pcc</subfield>
  </datafield>
  <datafield tag="100" ind1="1" ind2=" ">
    <subfield code="a">Barnbaum, Bruce,</subfield>
    <subfield code="e">author.</subfield>
  </datafield>
  <datafield tag="245" ind1="1" ind2="4">
    <subfield code="a">The essence of photography, 2nd edition :</subfield>
    <subfield code="b">seeing and creativity /</subfield>
    <subfield code="c">Bruce Barnbaum.</subfield>
  </datafield>
  <datafield tag="263" ind1=" " ind2=" ">
    <subfield code="a">2011</subfield>
  </datafield>
  <datafield tag="264" ind1=" " ind2="1">
    <subfield code="a">November 24, 2020 :</subfield>
    <subfield code="b">Rocky Nook, Inc.,</subfield>
    <subfield code="c">2020.</subfield>
  </datafield>
  <datafield tag="300" ind1=" " ind2=" ">
    <subfield code="a">pages cm</subfield>
  </datafield>
  <datafield tag="336" ind1=" " ind2=" ">
    <subfield code="a">text</subfield>
    <subfield code="b">txt</subfield>
    <subfield code="2">rdacontent</subfield>
  </datafield>
  <datafield tag="337" ind1=" " ind2=" ">
    <subfield code="a">unmediated</subfield>
    <subfield code="b">n</subfield>
    <subfield code="2">rdamedia</subfield>
  </datafield>
  <datafield tag="338" ind1=" " ind2=" ">
    <subfield code="a">volume</subfield>
    <subfield code="b">nc</subfield>
    <subfield code="2">rdacarrier</subfield>
  </datafield>
  <datafield tag="520" ind1=" " ind2=" ">
    <subfield code="a">&quot;In this fully revised and greatly expanded second edition of The Essence of Photography, world-renowned photographer and teacher Bruce Barnbaum draws upon 50 years of experience and observation to teach the art of photographic seeing and creativity. There is a lot more to photography than simply picking up a camera, pointing it toward something, and tripping the shutter. Achieving a great photograph requires thought and preparation, an understanding of the photographic process, and a firm grasp of how light and composition affect a photo. There must be personal involvement and personal expression. There must be experimentation, with the recognition that only a small percentage of experiments end successfully. In this revised and expanded second edition of The Essence of Photography, best-selling author and world-renowned photographer and teacher Bruce Barnbaum explores these seldom-discussed issues by drawing upon his personal experiences and observations from 50 years of photographing and teaching. In addition to photographs, Bruce also uses painting, music, and writing, as well as the sciences and even business, to provide pertinent examples of creative thinking. These examples serve as stepping stones that will lead you to your own heightened ability to see and be creative. Creativity is a topic that is almost wholly ignored in formal education because most instructors think that it cannot be taught or learned. To the contrary, Bruce has proven that photographic seeing and creativity can be taught, learned, and improved. This book expands on the ideas that are central to Bruce&apos;s method of teaching photography, which he has used in workshops for the past 50 years. Included in the book are in-depth discussions on the following topics: Defining your own unique rhythm and approach as a photographer How to translate the scene in front of you to the final photograph  The differences and similarities between how an amateur and a professional approach photography The differences between realism and abstraction, and the possibilities and limitations of each Learning to expand your own seeing and creativity through classes, workshops, and associating with other photographers Why the rules of composition should be ignored  How to follow your passion When to listen to the critics and when to ignore them The book is richly illustrated with well over 100 photographs taken by Bruce as well as other photographers. Seeing and creativity are difficult to teach, but not impossible. This very different, perhaps groundbreaking book is sure to inspire photographers of all skill levels-from beginners to seasoned professionals-to think deeply about the issues involved in creating successful photographs&quot;--</subfield>
    <subfield code="c">Provided by publisher.</subfield>
  </datafield>
</record>