
<record>
  <leader>02886cam a22003738i 4500</leader>
  <controlfield tag="001">21348195</controlfield>
  <controlfield tag="005">20200102152048.0</controlfield>
  <controlfield tag="008">191231s2020    cau      b    001 0 eng  </controlfield>
  <datafield tag="906" ind1=" " ind2=" ">
    <subfield code="a">7</subfield>
    <subfield code="b">cbc</subfield>
    <subfield code="c">orignew</subfield>
    <subfield code="d">1</subfield>
    <subfield code="e">ecip</subfield>
    <subfield code="f">20</subfield>
    <subfield code="g">y-gencatlg</subfield>
  </datafield>
  <datafield tag="925" ind1="0" ind2=" ">
    <subfield code="a">acquire</subfield>
    <subfield code="b">1 shelf copy</subfield>
    <subfield code="x">policy default</subfield>
  </datafield>
  <datafield tag="955" ind1=" " ind2=" ">
    <subfield code="b">rf26 2019-12-31</subfield>
    <subfield code="d">rf26 2019-12-31 to SL</subfield>
    <subfield code="e">rf07 2019-12-31 (telework) to Dewey</subfield>
    <subfield code="w">xm09 2020-1-2</subfield>
  </datafield>
  <datafield tag="010" ind1=" " ind2=" ">
    <subfield code="a">  2019051115</subfield>
  </datafield>
  <datafield tag="020" ind1=" " ind2=" ">
    <subfield code="a">9781440851803</subfield>
    <subfield code="q">(paperback)</subfield>
  </datafield>
  <datafield tag="020" ind1=" " ind2=" ">
    <subfield code="z">9781440851810</subfield>
    <subfield code="q">(ebook)</subfield>
  </datafield>
  <datafield tag="040" ind1=" " ind2=" ">
    <subfield code="a">DLC</subfield>
    <subfield code="b">eng</subfield>
    <subfield code="e">rda</subfield>
    <subfield code="c">DLC</subfield>
  </datafield>
  <datafield tag="042" ind1=" " ind2=" ">
    <subfield code="a">pcc</subfield>
  </datafield>
  <datafield tag="043" ind1=" " ind2=" ">
    <subfield code="a">n-mx---</subfield>
  </datafield>
  <datafield tag="050" ind1="0" ind2="0">
    <subfield code="a">F1219.73</subfield>
    <subfield code="b">.D555 2020</subfield>
  </datafield>
  <datafield tag="082" ind1="0" ind2="0">
    <subfield code="a">972</subfield>
    <subfield code="2">23</subfield>
  </datafield>
  <datafield tag="100" ind1="1" ind2=" ">
    <subfield code="a">Diel, Lori Boornazian,</subfield>
    <subfield code="d">1970-</subfield>
    <subfield code="e">author.</subfield>
  </datafield>
  <datafield tag="245" ind1="1" ind2="0">
    <subfield code="a">Aztec codices :</subfield>
    <subfield code="b">what they tell us about daily life /</subfield>
    <subfield code="c">Lori Boornazian Diel.</subfield>
  </datafield>
  <datafield tag="263" ind1=" " ind2=" ">
    <subfield code="a">2002</subfield>
  </datafield>
  <datafield tag="264" ind1=" " ind2="1">
    <subfield code="a">Santa, Barbara, California  :</subfield>
    <subfield code="b">ABC-CLIO,</subfield>
    <subfield code="c">[2020]</subfield>
  </datafield>
  <datafield tag="300" ind1=" " ind2=" ">
    <subfield code="a">pages cm</subfield>
  </datafield>
  <datafield tag="336" ind1=" " ind2=" ">
    <subfield code="a">text</subfield>
    <subfield code="b">txt</subfield>
    <subfield code="2">rdacontent</subfield>
  </datafield>
  <datafield tag="337" ind1=" " ind2=" ">
    <subfield code="a">unmediated</subfield>
    <subfield code="b">n</subfield>
    <subfield code="2">rdamedia</subfield>
  </datafield>
  <datafield tag="338" ind1=" " ind2=" ">
    <subfield code="a">volume</subfield>
    <subfield code="b">nc</subfield>
    <subfield code="2">rdacarrier</subfield>
  </datafield>
  <datafield tag="504" ind1=" " ind2=" ">
    <subfield code="a">Includes bibliographical references and index.</subfield>
  </datafield>
  <datafield tag="505" ind1="0" ind2=" ">
    <subfield code="a">The Codices -- Chronology of Events -- The Mexica Migration -- Start of the Migration -- The Abandonment of Malinalxochitl -- The Settlement at Chapultepec -- The Mexica as Mercenaries for Culhuacan -- The Foundation of Tenochtitlan -- History of the Empire -- Aztec Royal Dynasty -- Expansion of the Empire -- Tepanec War and the Triple Alliance -- War with Tlatelolco -- The Reign of Moctezuma II -- Calendars -- The Sacred Calendar, or Tonalpohualli -- Calendar Books, or Tonalamatl -- The Count of Years, or Xiuhpohualli -- The Aztec Monthly Festivals -- The New Fire Ceremony, or Xiuhmolpilli -- Divination -- Religious Life -- Tenochtitlan&apos;s Sacred Precinct -- Templo Mayor -- The Aztec Pantheon -- Human Sacrifice -- Priestly Duties -- Economy -- War -- Tribute -- Agriculture -- Occupations -- Merchants and Markets -- Life Cycle -- Childbirth -- Childhood and Education -- Marriage -- Old age -- Death -- Daily Life -- Diet -- Health and Hygiene -- Justice -- The Visual Arts -- The Performing Arts -- Fashion -- The Ballgame -- Conquest -- Spanish Arrival -- Massacre at Cholula -- Spaniards at Tenochtitlan -- The Defeat of Tenochtitlan -- Life under Spanish Rule.</subfield>
  </datafield>
  <datafield tag="520" ind1=" " ind2=" ">
    <subfield code="a">&quot;The ancient codices provide the best known evidence of Aztec life during and prior to Spanish conquest. This reference book intends to introduce students to Aztec daily life in a visually engaging format with pages of the codices described and analyzed to lend insight into social, religious, and natural life of these ancient people.&quot;--</subfield>
    <subfield code="c">Provided by publisher.</subfield>
  </datafield>
  <datafield tag="650" ind1=" " ind2="0">
    <subfield code="a">Aztecs</subfield>
    <subfield code="x">History.</subfield>
  </datafield>
  <datafield tag="650" ind1=" " ind2="0">
    <subfield code="a">Manuscripts, Nahuatl.</subfield>
  </datafield>
  <datafield tag="650" ind1=" " ind2="0">
    <subfield code="a">Aztecs</subfield>
    <subfield code="x">Social life and customs.</subfield>
  </datafield>
  <datafield tag="776" ind1="0" ind2="8">
    <subfield code="i">Online version:</subfield>
    <subfield code="a">Diel, Lori Boornazian, 1970-</subfield>
    <subfield code="t">Aztec codices</subfield>
    <subfield code="d">Santa, Barbara, California  : ABC-CLIO, [2020]</subfield>
    <subfield code="z">9781440851810</subfield>
    <subfield code="w">(DLC) 2019051116</subfield>
  </datafield>
</record>