
<record>
  <leader>03601cam a22003858i 4500</leader>
  <controlfield tag="001">21348208</controlfield>
  <controlfield tag="005">20200102150554.0</controlfield>
  <controlfield tag="008">191231s2020    nyu      b    001 0 eng  </controlfield>
  <datafield tag="906" ind1=" " ind2=" ">
    <subfield code="a">0</subfield>
    <subfield code="b">ibc</subfield>
    <subfield code="c">orignew</subfield>
    <subfield code="d">1</subfield>
    <subfield code="e">ecip</subfield>
    <subfield code="f">20</subfield>
    <subfield code="g">y-gencatlg</subfield>
  </datafield>
  <datafield tag="925" ind1="0" ind2=" ">
    <subfield code="a">acquire</subfield>
    <subfield code="b">1 shelf copy</subfield>
    <subfield code="x">policy default</subfield>
  </datafield>
  <datafield tag="955" ind1=" " ind2=" ">
    <subfield code="b">vl31 2019-12-31</subfield>
    <subfield code="i">vl31 2019-12-31 telework</subfield>
  </datafield>
  <datafield tag="010" ind1=" " ind2=" ">
    <subfield code="a">  2019060082</subfield>
  </datafield>
  <datafield tag="020" ind1=" " ind2=" ">
    <subfield code="a">9781108492928</subfield>
    <subfield code="q">(hardback)</subfield>
  </datafield>
  <datafield tag="020" ind1=" " ind2=" ">
    <subfield code="a">9781108730129</subfield>
    <subfield code="q">(paperback)</subfield>
  </datafield>
  <datafield tag="020" ind1=" " ind2=" ">
    <subfield code="z">9781108631730</subfield>
    <subfield code="q">(epub)</subfield>
  </datafield>
  <datafield tag="040" ind1=" " ind2=" ">
    <subfield code="a">DLC</subfield>
    <subfield code="b">eng</subfield>
    <subfield code="e">rda</subfield>
    <subfield code="c">DLC</subfield>
  </datafield>
  <datafield tag="042" ind1=" " ind2=" ">
    <subfield code="a">pcc</subfield>
  </datafield>
  <datafield tag="050" ind1="0" ind2="0">
    <subfield code="a">ML437</subfield>
    <subfield code="b">.C36 2020</subfield>
  </datafield>
  <datafield tag="245" ind1="0" ind2="4">
    <subfield code="a">The Cambridge companion to rhythm /</subfield>
    <subfield code="c">edited by Russell Hartenberger, Ryan McClelland.</subfield>
  </datafield>
  <datafield tag="250" ind1=" " ind2=" ">
    <subfield code="a">[1.]</subfield>
  </datafield>
  <datafield tag="263" ind1=" " ind2=" ">
    <subfield code="a">2007</subfield>
  </datafield>
  <datafield tag="264" ind1=" " ind2="1">
    <subfield code="a">New York :</subfield>
    <subfield code="b">Cambridge University Press,</subfield>
    <subfield code="c">2020.</subfield>
  </datafield>
  <datafield tag="300" ind1=" " ind2=" ">
    <subfield code="a">pages cm</subfield>
  </datafield>
  <datafield tag="336" ind1=" " ind2=" ">
    <subfield code="a">text</subfield>
    <subfield code="b">txt</subfield>
    <subfield code="2">rdacontent</subfield>
  </datafield>
  <datafield tag="337" ind1=" " ind2=" ">
    <subfield code="a">unmediated</subfield>
    <subfield code="b">n</subfield>
    <subfield code="2">rdamedia</subfield>
  </datafield>
  <datafield tag="338" ind1=" " ind2=" ">
    <subfield code="a">volume</subfield>
    <subfield code="b">nc</subfield>
    <subfield code="2">rdacarrier</subfield>
  </datafield>
  <datafield tag="490" ind1="0" ind2=" ">
    <subfield code="a">Cambridge companions to music</subfield>
  </datafield>
  <datafield tag="504" ind1=" " ind2=" ">
    <subfield code="a">Includes bibliographical references and index.</subfield>
  </datafield>
  <datafield tag="505" ind1="0" ind2=" ">
    <subfield code="a">Overview of rhythm. Rhythm in Western music : Concepts and literature / Ryan McClelland ; Perception of rhythm / Daniel Cameron and Jessica Grahn -- Performing rhythm. Visualizing the rhythms of performance / Alan Dodson ; A percussionist understands rhythm / Steven Schick ; A different kind of virtuosity / Russell Hartenberger ; Conducting rhythm / David Robertson -- Composing with rhythm. Expressive rhythm and meter in the German Lied / Harald Krebs ; Rhythm in post-tonal music : a modernist primer  Gretchen Horlacher ; The concept of rhythm : composers in their own words / Adam Sliwinski -- Rhythm in jazz and popular music. Jazz rhythm : the challenge of swing / Matthew W. Butterfield ; Rhythmic influence in the rock revolution / Trevor de Clercq ; Rhythm in contemporary rap music / Mitchell Ohriner -- Rhythm in global musics. The musical rhythm of Agbadza songs / David Locke ; Rhythmic thought and practice in the Indian subcontinent / James Kippen ; The draw of Balinese rhythm / Leslie Tilley ;  Rhythmic structures in Latin American and Caribbean music / Peter Manuel ; Indigenous rhythm and dance in North and South America / Kristina F. Nielsen -- Epilogue. The future of rhythm / Nick Collins.</subfield>
  </datafield>
  <datafield tag="520" ind1=" " ind2=" ">
    <subfield code="a">&quot;One of the defining aspects of music is that it exists in time. From clapping to dancing, toetapping to head-nodding, the responses of musicians and listeners alike capture the immediacy and significance of the musical beat. This Companion explores the richness of musical time through a variety of perspectives, surveying influential writings on the topic, incorporating the perspectives of listeners, analysts, composers, and performers, and considering the subject across a range of genres and cultures. It includes chapters on music perception, visualizing rhythmic notation, composers&apos; writings on rhythm, rhythm in jazz, rock, and hip-hop. Taking a global approach, chapters also explore rhythmic styles in the music of India, Africa, Bali, Latin America and the Caribbean, and Indigenous music of North and South America. Readers will gain an understanding of musicians&apos; approaches to performing complex rhythms of contemporary music, and revealing insights into the likely future of rhythm in music&quot;--</subfield>
    <subfield code="c">Provided by publisher.</subfield>
  </datafield>
  <datafield tag="650" ind1=" " ind2="0">
    <subfield code="a">Musical meter and rhythm.</subfield>
  </datafield>
  <datafield tag="650" ind1=" " ind2="0">
    <subfield code="a">Musical analysis.</subfield>
  </datafield>
  <datafield tag="700" ind1="1" ind2=" ">
    <subfield code="a">McClelland, Ryan C.</subfield>
    <subfield code="e">editor.</subfield>
  </datafield>
  <datafield tag="700" ind1="1" ind2=" ">
    <subfield code="a">Hartenberger, Russell,</subfield>
    <subfield code="e">editor.</subfield>
  </datafield>
  <datafield tag="776" ind1="0" ind2="8">
    <subfield code="i">Online version:</subfield>
    <subfield code="t">The Cambridge companion to rhythm</subfield>
    <subfield code="b">[1.]</subfield>
    <subfield code="d">New York : Cambridge University Press, 2020.</subfield>
    <subfield code="z">9781108631730</subfield>
    <subfield code="w">(DLC) 2019060083</subfield>
  </datafield>
</record>