
<record>
  <leader>02521cjm a2200553 a 4500</leader>
  <controlfield tag="001">21348364</controlfield>
  <controlfield tag="005">20200102104321.0</controlfield>
  <controlfield tag="007">sd fsngnnmmneu</controlfield>
  <controlfield tag="008">191231s1991    gw opn|           | ita d</controlfield>
  <datafield tag="906" ind1=" " ind2=" ">
    <subfield code="a">7</subfield>
    <subfield code="b">cbc</subfield>
    <subfield code="c">copycat</subfield>
    <subfield code="d">2</subfield>
    <subfield code="e">ncip</subfield>
    <subfield code="f">20</subfield>
    <subfield code="g">y-soundrec</subfield>
  </datafield>
  <datafield tag="925" ind1="0" ind2=" ">
    <subfield code="a">acquire</subfield>
    <subfield code="b">2 shelf copies</subfield>
    <subfield code="x">policy default</subfield>
  </datafield>
  <datafield tag="955" ind1=" " ind2=" ">
    <subfield code="a">qr12 2019-12-31 z-client</subfield>
    <subfield code="i">qr12 2019-12-31</subfield>
  </datafield>
  <datafield tag="010" ind1=" " ind2=" ">
    <subfield code="a">  2019657603</subfield>
  </datafield>
  <datafield tag="024" ind1="1" ind2=" ">
    <subfield code="a">036244624528</subfield>
  </datafield>
  <datafield tag="028" ind1="0" ind2="2">
    <subfield code="a">CD 160 245</subfield>
    <subfield code="b">Pilz</subfield>
  </datafield>
  <datafield tag="028" ind1="0" ind2="2">
    <subfield code="a">160 245</subfield>
    <subfield code="b">Pilz</subfield>
  </datafield>
  <datafield tag="035" ind1=" " ind2=" ">
    <subfield code="a">(OCoLC)ocm28004939</subfield>
  </datafield>
  <datafield tag="040" ind1=" " ind2=" ">
    <subfield code="a">TWC</subfield>
    <subfield code="b">eng</subfield>
    <subfield code="c">TWC</subfield>
    <subfield code="d">OCL</subfield>
    <subfield code="d">OCLCQ</subfield>
    <subfield code="d">IXA</subfield>
    <subfield code="d">CHY</subfield>
    <subfield code="d">UOK</subfield>
    <subfield code="d">OCLCQ</subfield>
    <subfield code="d">OCLCA</subfield>
    <subfield code="d">OCLCF</subfield>
    <subfield code="d">OCLCO</subfield>
    <subfield code="d">OCLCQ</subfield>
    <subfield code="d">OCLCA</subfield>
    <subfield code="d">DLC</subfield>
  </datafield>
  <datafield tag="042" ind1=" " ind2=" ">
    <subfield code="a">lccopycat</subfield>
  </datafield>
  <datafield tag="050" ind1="0" ind2="0">
    <subfield code="a">SDD 32358</subfield>
  </datafield>
  <datafield tag="082" ind1="0" ind2="4">
    <subfield code="a">782.1</subfield>
  </datafield>
  <datafield tag="100" ind1="1" ind2=" ">
    <subfield code="a">Verdi, Giuseppe,</subfield>
    <subfield code="d">1813-1901.</subfield>
  </datafield>
  <datafield tag="240" ind1="1" ind2="0">
    <subfield code="a">Aïda.</subfield>
    <subfield code="k">Selections</subfield>
  </datafield>
  <datafield tag="245" ind1="1" ind2="0">
    <subfield code="a">Aida /</subfield>
    <subfield code="c">G. Verdi.</subfield>
  </datafield>
  <datafield tag="246" ind1="1" ind2=" ">
    <subfield code="i">Title on container:</subfield>
    <subfield code="a">Höhepunkt aus Aida</subfield>
  </datafield>
  <datafield tag="246" ind1="1" ind2=" ">
    <subfield code="i">Additional title on container:</subfield>
    <subfield code="a">Highlights from Aida</subfield>
  </datafield>
  <datafield tag="260" ind1=" " ind2=" ">
    <subfield code="a">Kranzberg/München :</subfield>
    <subfield code="b">Pilz,</subfield>
    <subfield code="c">[1991]</subfield>
  </datafield>
  <datafield tag="300" ind1=" " ind2=" ">
    <subfield code="a">1 audio disc (54 min.) :</subfield>
    <subfield code="b">digital ;</subfield>
    <subfield code="c">4 3/4 in.</subfield>
  </datafield>
  <datafield tag="306" ind1=" " ind2=" ">
    <subfield code="a">000136</subfield>
    <subfield code="a">000100</subfield>
    <subfield code="a">000322</subfield>
    <subfield code="a">000605</subfield>
    <subfield code="a">000223</subfield>
    <subfield code="a">000136</subfield>
    <subfield code="a">000406</subfield>
    <subfield code="a">000633</subfield>
    <subfield code="a">000813</subfield>
    <subfield code="a">000724</subfield>
    <subfield code="a">001049</subfield>
  </datafield>
  <datafield tag="336" ind1=" " ind2=" ">
    <subfield code="a">performed music</subfield>
    <subfield code="b">prm</subfield>
    <subfield code="2">rdacontent</subfield>
  </datafield>
  <datafield tag="337" ind1=" " ind2=" ">
    <subfield code="a">audio</subfield>
    <subfield code="b">s</subfield>
    <subfield code="2">rdamedia</subfield>
  </datafield>
  <datafield tag="338" ind1=" " ind2=" ">
    <subfield code="a">audio disc</subfield>
    <subfield code="b">sd</subfield>
    <subfield code="2">rdacarrier</subfield>
  </datafield>
  <datafield tag="490" ind1="1" ind2=" ">
    <subfield code="a">Vienna master series</subfield>
  </datafield>
  <datafield tag="546" ind1=" " ind2=" ">
    <subfield code="a">Sung in Italian.</subfield>
  </datafield>
  <datafield tag="511" ind1="0" ind2=" ">
    <subfield code="a">Eva Illes, soprano ; Juan Perez, tenor ; Ruth Hesse, alto ; Rudolph Knoll, baritone ; Ernst Wiemann, bass ; Chor der Staatsoper München ; Nürnberger Symphoniker ; Hanspeter Gmür, conductor.</subfield>
  </datafield>
  <datafield tag="500" ind1=" " ind2=" ">
    <subfield code="a">Compact disc.</subfield>
  </datafield>
  <datafield tag="505" ind1="0" ind2="0">
    <subfield code="t">Si, corre voce</subfield>
    <subfield code="r">(Ramfis) --</subfield>
    <subfield code="t">Se quel guerrier io fossi!</subfield>
    <subfield code="r">(Radames) --</subfield>
    <subfield code="t">Celeste Aida</subfield>
    <subfield code="r">(Radames) --</subfield>
    <subfield code="t">Ritorna vincitor</subfield>
    <subfield code="r">(Aida) --</subfield>
    <subfield code="t">Gloria all&apos;Egitto</subfield>
    <subfield code="r">(Chor) --</subfield>
    <subfield code="t">Marche triomphale --</subfield>
    <subfield code="t">Musica balletti --</subfield>
    <subfield code="t">Qui Radames verra</subfield>
    <subfield code="r">(Aida) --</subfield>
    <subfield code="t">Ciel! Mio padre ;</subfield>
    <subfield code="t">Rivedrai le foreste imbalsamate</subfield>
    <subfield code="r">(Aida, Amonasro) --</subfield>
    <subfield code="t">Gia i sacerdoti adunansi ;</subfield>
    <subfield code="t">Ah! Tu dei vivere</subfield>
    <subfield code="r">(Amneris) --</subfield>
    <subfield code="t">Fatal pietra soura me se chiuse ;</subfield>
    <subfield code="t">O terra, addio</subfield>
    <subfield code="r">(Radames, Aida).</subfield>
  </datafield>
  <datafield tag="650" ind1=" " ind2="0">
    <subfield code="a">Operas</subfield>
    <subfield code="v">Excerpts.</subfield>
  </datafield>
  <datafield tag="650" ind1=" " ind2="7">
    <subfield code="a">Operas</subfield>
    <subfield code="x">Excerpts.</subfield>
    <subfield code="2">fast</subfield>
    <subfield code="0">(OCoLC)fst01046203</subfield>
  </datafield>
  <datafield tag="700" ind1="1" ind2=" ">
    <subfield code="a">Illes, Eva.</subfield>
    <subfield code="4">prf</subfield>
  </datafield>
  <datafield tag="700" ind1="1" ind2=" ">
    <subfield code="a">Pérez, Juan</subfield>
    <subfield code="c">(Tenor)</subfield>
    <subfield code="4">prf</subfield>
  </datafield>
  <datafield tag="700" ind1="1" ind2=" ">
    <subfield code="a">Hesse, Ruth.</subfield>
    <subfield code="4">prf</subfield>
  </datafield>
  <datafield tag="700" ind1="1" ind2=" ">
    <subfield code="a">Knoll, Rudolf,</subfield>
    <subfield code="d">1927-</subfield>
    <subfield code="4">prf</subfield>
  </datafield>
  <datafield tag="700" ind1="1" ind2=" ">
    <subfield code="a">Wiemann, Ernst.</subfield>
    <subfield code="4">prf</subfield>
  </datafield>
  <datafield tag="700" ind1="1" ind2=" ">
    <subfield code="a">Gmür, Hanspeter.</subfield>
    <subfield code="4">cnd</subfield>
  </datafield>
  <datafield tag="710" ind1="2" ind2=" ">
    <subfield code="a">Nürnberger Symphoniker.</subfield>
    <subfield code="4">prf</subfield>
  </datafield>
  <datafield tag="710" ind1="2" ind2=" ">
    <subfield code="a">Bayerische Staatsoper München.</subfield>
    <subfield code="b">Chor.</subfield>
    <subfield code="4">prf</subfield>
  </datafield>
  <datafield tag="830" ind1=" " ind2="0">
    <subfield code="a">Vienna master series.</subfield>
  </datafield>
  <datafield tag="985" ind1=" " ind2=" ">
    <subfield code="a">BibframePilot2</subfield>
    <subfield code="e">20200102</subfield>
  </datafield>
</record>