
<record>
  <leader>01326cam a22002775i 4500</leader>
  <controlfield tag="001">21348367</controlfield>
  <controlfield tag="005">20200102200512.0</controlfield>
  <controlfield tag="008">191231s2018    ru o          000 0 rus  </controlfield>
  <datafield tag="906" ind1=" " ind2=" ">
    <subfield code="a">0</subfield>
    <subfield code="b">cbc</subfield>
    <subfield code="c">origres</subfield>
    <subfield code="d">4</subfield>
    <subfield code="e">ncip</subfield>
    <subfield code="f">20</subfield>
    <subfield code="g">y-nonroman</subfield>
  </datafield>
  <datafield tag="955" ind1=" " ind2=" ">
    <subfield code="b">fe15 2019-12-31 telework z-processor JACKPHY to cat.</subfield>
    <subfield code="a">fe00 2020-01-02 to GS/RUS</subfield>
    <subfield code="h">fe15 2020-01-02 telework to shelf</subfield>
  </datafield>
  <datafield tag="010" ind1=" " ind2=" ">
    <subfield code="a">  2019451789</subfield>
  </datafield>
  <datafield tag="020" ind1=" " ind2=" ">
    <subfield code="a">9785446910304</subfield>
  </datafield>
  <datafield tag="040" ind1=" " ind2=" ">
    <subfield code="a">DLC</subfield>
    <subfield code="b">eng</subfield>
    <subfield code="c">DLC</subfield>
    <subfield code="e">rda</subfield>
  </datafield>
  <datafield tag="043" ind1=" " ind2=" ">
    <subfield code="a">e-ru---</subfield>
  </datafield>
  <datafield tag="066" ind1=" " ind2=" ">
    <subfield code="c">(N</subfield>
  </datafield>
  <datafield tag="100" ind1="1" ind2=" ">
    <subfield code="a">Gavrilov, D. V.</subfield>
    <subfield code="q">(Dmitriĭ Vasilʹevich),</subfield>
    <subfield code="e">author.</subfield>
  </datafield>
  <datafield tag="245" ind1="1" ind2="0">
    <subfield code="6">880-01</subfield>
    <subfield code="a">Gornozavodskiĭ Ural 1861-1900 gg. :</subfield>
    <subfield code="b">vlasti, predprinimateli, rabochie : ot soglasii︠a︡ k konfrontat︠s︡ii /</subfield>
    <subfield code="c">D.V. Gavrilov.</subfield>
  </datafield>
  <datafield tag="880" ind1="1" ind2="0">
    <subfield code="6">245-01/(N</subfield>
    <subfield code="a">Горнозаводский Урал 1861-1900 гг. :</subfield>
    <subfield code="b">власти, предприниматели, рабочие : от согласия к конфронтации /</subfield>
    <subfield code="c">Д.В. Гаврилов.</subfield>
  </datafield>
  <datafield tag="264" ind1=" " ind2="1">
    <subfield code="6">880-02</subfield>
    <subfield code="a">Moskva, Sankt-Peterburg :</subfield>
    <subfield code="b">Nestor-Istorii︠a︡,</subfield>
    <subfield code="c">2018.</subfield>
  </datafield>
  <datafield tag="880" ind1=" " ind2="1">
    <subfield code="6">264-02/(N</subfield>
    <subfield code="a">Москва, Санкт-Петербург :</subfield>
    <subfield code="b">Нестор-История,</subfield>
    <subfield code="c">2018.</subfield>
  </datafield>
  <datafield tag="300" ind1=" " ind2=" ">
    <subfield code="a">462 pages ;</subfield>
    <subfield code="c">25 cm</subfield>
  </datafield>
  <datafield tag="336" ind1=" " ind2=" ">
    <subfield code="a">text</subfield>
    <subfield code="b">txt</subfield>
    <subfield code="2">rdacontent</subfield>
  </datafield>
  <datafield tag="337" ind1=" " ind2=" ">
    <subfield code="a">unmediated</subfield>
    <subfield code="b">n</subfield>
    <subfield code="2">rdamedia</subfield>
  </datafield>
  <datafield tag="338" ind1=" " ind2=" ">
    <subfield code="a">volume</subfield>
    <subfield code="b">nc</subfield>
    <subfield code="2">rdacarrier</subfield>
  </datafield>
  <datafield tag="653" ind1=" " ind2="0">
    <subfield code="a">Labor.</subfield>
  </datafield>
  <datafield tag="923" ind1=" " ind2=" ">
    <subfield code="a">exchange</subfield>
    <subfield code="s">Rus Nat Lib (NLR 93000632)</subfield>
  </datafield>
</record>