
<record>
  <leader>02532cam a22003858i 4500</leader>
  <controlfield tag="001">21348570</controlfield>
  <controlfield tag="005">20200102073038.0</controlfield>
  <controlfield tag="008">191222s2020    cau           001 0 eng  </controlfield>
  <datafield tag="906" ind1=" " ind2=" ">
    <subfield code="a">0</subfield>
    <subfield code="b">ibc</subfield>
    <subfield code="c">orignew</subfield>
    <subfield code="d">1</subfield>
    <subfield code="e">ecip</subfield>
    <subfield code="f">20</subfield>
    <subfield code="g">y-gencatlg</subfield>
  </datafield>
  <datafield tag="925" ind1="0" ind2=" ">
    <subfield code="a">acquire</subfield>
    <subfield code="b">1 shelf copy</subfield>
    <subfield code="x">policy default</subfield>
  </datafield>
  <datafield tag="955" ind1=" " ind2=" ">
    <subfield code="b">LBSOR 2019-12-22</subfield>
    <subfield code="e">re06 2020-01-02 (telework)</subfield>
  </datafield>
  <datafield tag="010" ind1=" " ind2=" ">
    <subfield code="a">  2019041171</subfield>
  </datafield>
  <datafield tag="020" ind1=" " ind2=" ">
    <subfield code="a">9780470577790</subfield>
    <subfield code="q">(paperback)</subfield>
  </datafield>
  <datafield tag="020" ind1=" " ind2=" ">
    <subfield code="z">9781118418383</subfield>
    <subfield code="q">(adobe pdf)</subfield>
  </datafield>
  <datafield tag="020" ind1=" " ind2=" ">
    <subfield code="z">9781118415368</subfield>
    <subfield code="q">(epub)</subfield>
  </datafield>
  <datafield tag="040" ind1=" " ind2=" ">
    <subfield code="a">LBSOR/DLC</subfield>
    <subfield code="b">eng</subfield>
    <subfield code="e">rda</subfield>
    <subfield code="c">DLC</subfield>
  </datafield>
  <datafield tag="042" ind1=" " ind2=" ">
    <subfield code="a">pcc</subfield>
  </datafield>
  <datafield tag="050" ind1="0" ind2="0">
    <subfield code="a">LB1033</subfield>
    <subfield code="b">.C635 2020</subfield>
  </datafield>
  <datafield tag="100" ind1="1" ind2=" ">
    <subfield code="a">Connors, Neila A.,</subfield>
    <subfield code="e">author.</subfield>
  </datafield>
  <datafield tag="245" ind1="1" ind2="0">
    <subfield code="a">If you don&apos;t FEED the students, they STARVE :</subfield>
    <subfield code="b">improving attitude and achievement through positive relationships /</subfield>
    <subfield code="c">Neila A. Connors.</subfield>
  </datafield>
  <datafield tag="250" ind1=" " ind2=" ">
    <subfield code="a">First edition.</subfield>
  </datafield>
  <datafield tag="263" ind1=" " ind2=" ">
    <subfield code="a">2001</subfield>
  </datafield>
  <datafield tag="264" ind1=" " ind2="1">
    <subfield code="a">San Francisco, CA :</subfield>
    <subfield code="b">Jossey-Bass,</subfield>
    <subfield code="c">[2020]</subfield>
  </datafield>
  <datafield tag="300" ind1=" " ind2=" ">
    <subfield code="a">pages cm</subfield>
  </datafield>
  <datafield tag="336" ind1=" " ind2=" ">
    <subfield code="a">text</subfield>
    <subfield code="b">txt</subfield>
    <subfield code="2">rdacontent</subfield>
  </datafield>
  <datafield tag="337" ind1=" " ind2=" ">
    <subfield code="a">unmediated</subfield>
    <subfield code="b">n</subfield>
    <subfield code="2">rdamedia</subfield>
  </datafield>
  <datafield tag="338" ind1=" " ind2=" ">
    <subfield code="a">volume</subfield>
    <subfield code="b">nc</subfield>
    <subfield code="2">rdacarrier</subfield>
  </datafield>
  <datafield tag="500" ind1=" " ind2=" ">
    <subfield code="a">Includes index.</subfield>
  </datafield>
  <datafield tag="505" ind1="0" ind2=" ">
    <subfield code="a">&quot;Welcome!&quot; : a courteous greeting and everyone is valued -- Ambiance : a positive climate and culture -- Safety : physical, emotional, social, and intellectual -- Menu : a variety of options based on our needs -- &quot;This way please&quot; : an effective leader and a vision -- &quot;I&apos;ll be your server&quot; : a team of caring and trained adults -- Communication : succinct, effective, and ongoing -- Satisfaction : we left F.E.D. and eager to return -- Comment card : the opportunity to provide feedback -- Fun : an environment that everyone enjoys -- &quot;Check, please&quot; : reflection shows the experience was worth it.</subfield>
  </datafield>
  <datafield tag="520" ind1=" " ind2=" ">
    <subfield code="a">&quot;The author uses the metaphor of dining as a framework to provide educators and others who work with pre-K- 12th grade students strategies, techniques, and realistic ideas to develop, maintain, and sustain positive relationships. If you don&apos;t F.E.E.D. (Fuel Education Every Day) the students, they S.T.A.R.V.E. (Stop Trying And Reject Valuable Education). The focus is on the recognition of all students (schools where everybody is somebody) and creating a climate of care and compassion&quot;--</subfield>
    <subfield code="c">Provided by publisher.</subfield>
  </datafield>
  <datafield tag="650" ind1=" " ind2="0">
    <subfield code="a">Teacher-student relationships.</subfield>
  </datafield>
  <datafield tag="650" ind1=" " ind2="0">
    <subfield code="a">School environment.</subfield>
  </datafield>
  <datafield tag="650" ind1=" " ind2="0">
    <subfield code="a">Teaching</subfield>
    <subfield code="x">Psychological aspects.</subfield>
  </datafield>
  <datafield tag="776" ind1="0" ind2="8">
    <subfield code="i">Online version:</subfield>
    <subfield code="a">Connors, Neila A.</subfield>
    <subfield code="t">If you don&apos;t FEED the students, they STARVE.</subfield>
    <subfield code="b">First edition.</subfield>
    <subfield code="d">San Francisco, CA : Jossey-Bass, [2020]</subfield>
    <subfield code="z">9781118418383</subfield>
    <subfield code="w">(DLC)  2019041172</subfield>
  </datafield>
  <datafield tag="985" ind1=" " ind2=" ">
    <subfield code="a">LBSORCIP</subfield>
    <subfield code="d">2019-12-22</subfield>
  </datafield>
</record>