
<record>
  <leader>04283cam a22004098i 4500</leader>
  <controlfield tag="001">21348612</controlfield>
  <controlfield tag="005">20200102152905.0</controlfield>
  <controlfield tag="008">191223s2019    ncu      b    000 0 eng  </controlfield>
  <datafield tag="906" ind1=" " ind2=" ">
    <subfield code="a">7</subfield>
    <subfield code="b">cbc</subfield>
    <subfield code="c">orignew</subfield>
    <subfield code="d">1</subfield>
    <subfield code="e">ecip</subfield>
    <subfield code="f">20</subfield>
    <subfield code="g">y-gencatlg</subfield>
  </datafield>
  <datafield tag="925" ind1="0" ind2=" ">
    <subfield code="a">acquire</subfield>
    <subfield code="b">1 shelf copy</subfield>
    <subfield code="x">policy default</subfield>
  </datafield>
  <datafield tag="955" ind1=" " ind2=" ">
    <subfield code="b">LBSOR 2019-12-23</subfield>
    <subfield code="e">re06 2020-01-02 (telework)</subfield>
    <subfield code="w">re09 2020-01-02 to CIP</subfield>
  </datafield>
  <datafield tag="010" ind1=" " ind2=" ">
    <subfield code="a">  2019040002</subfield>
  </datafield>
  <datafield tag="020" ind1=" " ind2=" ">
    <subfield code="a">9781641138406</subfield>
    <subfield code="q">(hardcover)</subfield>
  </datafield>
  <datafield tag="020" ind1=" " ind2=" ">
    <subfield code="a">9781641138390</subfield>
    <subfield code="q">(paperback)</subfield>
  </datafield>
  <datafield tag="020" ind1=" " ind2=" ">
    <subfield code="z">9781641138413</subfield>
    <subfield code="q">(ebook)</subfield>
  </datafield>
  <datafield tag="040" ind1=" " ind2=" ">
    <subfield code="a">LBSOR/DLC</subfield>
    <subfield code="b">eng</subfield>
    <subfield code="e">rda</subfield>
    <subfield code="c">DLC</subfield>
  </datafield>
  <datafield tag="042" ind1=" " ind2=" ">
    <subfield code="a">pcc</subfield>
  </datafield>
  <datafield tag="043" ind1=" " ind2=" ">
    <subfield code="a">n-us---</subfield>
  </datafield>
  <datafield tag="050" ind1="0" ind2="0">
    <subfield code="a">LB1591.5.U6</subfield>
    <subfield code="b">S73 2019</subfield>
  </datafield>
  <datafield tag="082" ind1="0" ind2="0">
    <subfield code="a">372.5</subfield>
    <subfield code="2">23</subfield>
  </datafield>
  <datafield tag="245" ind1="0" ind2="0">
    <subfield code="a">Standing still is not an option :</subfield>
    <subfield code="b">school children using art for social change /</subfield>
    <subfield code="c">edited by Christa Boske.</subfield>
  </datafield>
  <datafield tag="263" ind1=" " ind2=" ">
    <subfield code="a">2003</subfield>
  </datafield>
  <datafield tag="264" ind1=" " ind2="1">
    <subfield code="a">Charlotte, NC :</subfield>
    <subfield code="b">Information Age Publishing, inc.,</subfield>
    <subfield code="c">[2019]</subfield>
  </datafield>
  <datafield tag="300" ind1=" " ind2=" ">
    <subfield code="a">pages cm.</subfield>
  </datafield>
  <datafield tag="336" ind1=" " ind2=" ">
    <subfield code="a">text</subfield>
    <subfield code="b">txt</subfield>
    <subfield code="2">rdacontent</subfield>
  </datafield>
  <datafield tag="337" ind1=" " ind2=" ">
    <subfield code="a">unmediated</subfield>
    <subfield code="b">n</subfield>
    <subfield code="2">rdamedia</subfield>
  </datafield>
  <datafield tag="338" ind1=" " ind2=" ">
    <subfield code="a">volume</subfield>
    <subfield code="b">nc</subfield>
    <subfield code="2">rdacarrier</subfield>
  </datafield>
  <datafield tag="490" ind1="0" ind2=" ">
    <subfield code="a">New directions in educational leadership : innovations in scholarship, teaching, and service</subfield>
  </datafield>
  <datafield tag="504" ind1=" " ind2=" ">
    <subfield code="a">Includes bibliographical references.</subfield>
  </datafield>
  <datafield tag="505" ind1="0" ind2=" ">
    <subfield code="a">Artmaking for social justice : unforeseen passion for possibilities / Christa Boske -- Be free / Leonard Joshua Jackson -- I embody my art / Angely Boske -- Capital B / Hunter Zachariah Smith -- Es el mundo (The world is mine) / Shannon Vickers -- Black and bold / Josiah Tate -- WomanUp / Abigail Hornacek -- De-evolution of humanity : stop and think before you speak / Jihad I. Ruffin -- Two birds, one cage / Bryianna Davis -- Telekinesis / A -- My art is my history of my life / L -- A father&apos;s perspective / Leonard Jackson -- He is my &quot;stone&quot; / Charles Rainey -- Leadership is not a title, it&apos;s an action : using artmaking to lead for social justice with young black men in K-12 schools / Leshun Collins -- As a father, my heart aches / Shannon Vickers, Sr. -- Artmaking for social change : concluding thoughts / Christa Boske.</subfield>
  </datafield>
  <datafield tag="520" ind1=" " ind2=" ">
    <subfield code="a">&quot;This book captures the experiences of children in U.S. public schools and how they utilize artmaking to disrupt injustices they face. These first-time authors, who represent school children, parents, teachers, and community leaders, focus on artmaking for social change. Their first-tellings provide thought-provoking insights regarding the impact of artmaking on their capacity to promote social justice-oriented work in K-12 school communities. As the U.S. continues to experience significant demographic shifts, including increases of homeless children, children identified with learning differences, thousands of refugees and immigrants, children living in poverty, children in foster care, and increasing numbers of Children of Color, those who work in schools will need to know how to address disparities facing these underserved communities. These U.S. demographic shifts and issues facing underserved populations provide opportunities for children, teachers, families, and school leaders to deepen their understanding regarding their experiences within their communities and K-12 schools as well as ways to interrupt oppressive practices and policies they face every day through art as social action. Authors call upon decision-makers who serve children from disenfranchised populations to utilize artmaking to create equal access for children to explore social justice, equity, reflective practices, and promote authentic social action and change through artmaking. Authors reflect on this artmaking process as a catalyst for increasing consciousness, creating imaginative possibilities, and facilitating meaningful change in schools. Authors urge readers to create equal access art spaces to build bridges among schools, families, and communities. Together, they contend that artmaking promotes courageous conversations and encourages the exploration of what it means to live this significant work&quot;--</subfield>
    <subfield code="c">Provided by publisher.</subfield>
  </datafield>
  <datafield tag="650" ind1=" " ind2="0">
    <subfield code="a">Arts in education</subfield>
    <subfield code="x">Social aspects</subfield>
    <subfield code="z">United States.</subfield>
  </datafield>
  <datafield tag="650" ind1=" " ind2="0">
    <subfield code="a">Arts</subfield>
    <subfield code="x">Study and teaching</subfield>
    <subfield code="z">United States.</subfield>
  </datafield>
  <datafield tag="650" ind1=" " ind2="0">
    <subfield code="a">Social justice and education</subfield>
    <subfield code="z">United States.</subfield>
  </datafield>
  <datafield tag="650" ind1=" " ind2="0">
    <subfield code="a">School children</subfield>
    <subfield code="z">United States</subfield>
    <subfield code="x">Social conditions.</subfield>
  </datafield>
  <datafield tag="700" ind1="1" ind2=" ">
    <subfield code="a">Boske, Christa,</subfield>
    <subfield code="e">editor.</subfield>
  </datafield>
  <datafield tag="985" ind1=" " ind2=" ">
    <subfield code="a">LBSORCIP</subfield>
    <subfield code="d">2019-12-23</subfield>
  </datafield>
</record>