
<record>
  <leader>02425cam a22002415i 4500</leader>
  <controlfield tag="001">21348824</controlfield>
  <controlfield tag="005">20200102095301.0</controlfield>
  <controlfield tag="008">191231s2020    flu           000 0 eng  </controlfield>
  <datafield tag="906" ind1=" " ind2=" ">
    <subfield code="a">0</subfield>
    <subfield code="b">ibc</subfield>
    <subfield code="c">orignew</subfield>
    <subfield code="d">2</subfield>
    <subfield code="e">epcn</subfield>
    <subfield code="f">20</subfield>
    <subfield code="g">y-gencatlg</subfield>
  </datafield>
  <datafield tag="925" ind1="0" ind2=" ">
    <subfield code="a">acquire</subfield>
    <subfield code="b">1 shelf copy</subfield>
    <subfield code="x">policy default</subfield>
  </datafield>
  <datafield tag="955" ind1=" " ind2=" ">
    <subfield code="b">xd15 2019-12-31</subfield>
  </datafield>
  <datafield tag="010" ind1=" " ind2=" ">
    <subfield code="a">  2019958015</subfield>
  </datafield>
  <datafield tag="040" ind1=" " ind2=" ">
    <subfield code="a">DLC</subfield>
    <subfield code="b">eng</subfield>
    <subfield code="e">rda</subfield>
    <subfield code="c">DLC</subfield>
  </datafield>
  <datafield tag="042" ind1=" " ind2=" ">
    <subfield code="a">pcc</subfield>
  </datafield>
  <datafield tag="100" ind1="1" ind2=" ">
    <subfield code="a">Manzetti, Alessandro,</subfield>
    <subfield code="e">author.</subfield>
  </datafield>
  <datafield tag="245" ind1="1" ind2="4">
    <subfield code="a">The radioactive bride /</subfield>
    <subfield code="c">Alessandro Manzetti.</subfield>
  </datafield>
  <datafield tag="263" ind1=" " ind2=" ">
    <subfield code="a">2001</subfield>
  </datafield>
  <datafield tag="264" ind1=" " ind2="1">
    <subfield code="a">Sanford :</subfield>
    <subfield code="b">Necro Publications,</subfield>
    <subfield code="c">2020.</subfield>
  </datafield>
  <datafield tag="300" ind1=" " ind2=" ">
    <subfield code="a">pages cm</subfield>
  </datafield>
  <datafield tag="336" ind1=" " ind2=" ">
    <subfield code="a">text</subfield>
    <subfield code="b">txt</subfield>
    <subfield code="2">rdacontent</subfield>
  </datafield>
  <datafield tag="337" ind1=" " ind2=" ">
    <subfield code="a">unmediated</subfield>
    <subfield code="b">n</subfield>
    <subfield code="2">rdamedia</subfield>
  </datafield>
  <datafield tag="338" ind1=" " ind2=" ">
    <subfield code="a">volume</subfield>
    <subfield code="b">nc</subfield>
    <subfield code="2">rdacarrier</subfield>
  </datafield>
  <datafield tag="520" ind1=" " ind2=" ">
    <subfield code="a">&quot; Poisoned Uxor 77 radioactive meteor fucked Hearth with a big Kaboom! changing the way of life of the inhabitants of our planet. No more animal protein, no more moral values or conscience, weird and obscene mutations. The primordial spirit of cannibalism rises again from its invisible grave, walking hand in hand with old friends: Depravity and Sadism, and no one is safe anymore. Everyone is subject to a single watchword: survival at all costs. Yeah, you heard me, the &apos;Radioactive Bride&apos; will marry you, dear future mankind, giving you a taste of her plutonium milk, turning you into exquisite prey or ravenous perpetrator. This is a sort of diary of these days told through the lives of a few characters: new kind of freaks, half man/half worm, captured to become circus attractions; synthetic serial killers built-in labs; two-headed prostitutes offering special services to their clients; landfills with fights between women on next-gen drugs and mutated big rats; processions of new feminists who hunt for human testicles; the show of a fat lady offering viewers a succulent reason to come back (small pieces of her giant body); rich collectors of human organs; innovative restaurants and hyper-extreme brothels where pimps and celebrated chefs prepare the daily menu for their cannibal and depraved customers; the new slums of Paris, Rome and Berlin ruled by criminals; a shemale Pope with her infamous court, and a pedophile Governor watching excited, his aquariums of biomechanical, heretic creatures inside the Red Area of the New Wall. So, strap on your seatbelt, move past moral, mercy and standard food, and get ready to be ejected at high speed towards the New World waiting for you&quot;--</subfield>
    <subfield code="c">Provided by publisher.</subfield>
  </datafield>
</record>