
<record>
  <leader>02136cam a22002535i 4500</leader>
  <controlfield tag="001">21348894</controlfield>
  <controlfield tag="005">20200102095347.0</controlfield>
  <controlfield tag="008">191231s2020    nmu           000 0 eng  </controlfield>
  <datafield tag="906" ind1=" " ind2=" ">
    <subfield code="a">0</subfield>
    <subfield code="b">ibc</subfield>
    <subfield code="c">orignew</subfield>
    <subfield code="d">2</subfield>
    <subfield code="e">epcn</subfield>
    <subfield code="f">20</subfield>
    <subfield code="g">y-gencatlg</subfield>
  </datafield>
  <datafield tag="925" ind1="0" ind2=" ">
    <subfield code="a">acquire</subfield>
    <subfield code="b">1 shelf copy</subfield>
    <subfield code="x">policy default</subfield>
  </datafield>
  <datafield tag="955" ind1=" " ind2=" ">
    <subfield code="b">xd15 2019-12-31</subfield>
  </datafield>
  <datafield tag="010" ind1=" " ind2=" ">
    <subfield code="a">  2019958032</subfield>
  </datafield>
  <datafield tag="020" ind1=" " ind2=" ">
    <subfield code="a">9780890136492</subfield>
    <subfield code="q">(hardcover)</subfield>
  </datafield>
  <datafield tag="040" ind1=" " ind2=" ">
    <subfield code="a">DLC</subfield>
    <subfield code="b">eng</subfield>
    <subfield code="e">rda</subfield>
    <subfield code="c">DLC</subfield>
  </datafield>
  <datafield tag="042" ind1=" " ind2=" ">
    <subfield code="a">pcc</subfield>
  </datafield>
  <datafield tag="100" ind1="1" ind2=" ">
    <subfield code="a">Lippard, Lucy R.,</subfield>
    <subfield code="e">author.</subfield>
  </datafield>
  <datafield tag="245" ind1="1" ind2="0">
    <subfield code="a">Pueblo chico :</subfield>
    <subfield code="b">land and lives in galisteo since 1814 /</subfield>
    <subfield code="c">Lucy R. Lippard.</subfield>
  </datafield>
  <datafield tag="263" ind1=" " ind2=" ">
    <subfield code="a">2004</subfield>
  </datafield>
  <datafield tag="264" ind1=" " ind2="1">
    <subfield code="a">Santa Fe :</subfield>
    <subfield code="b">Museum of New Mexico Press,</subfield>
    <subfield code="c">2020.</subfield>
  </datafield>
  <datafield tag="300" ind1=" " ind2=" ">
    <subfield code="a">pages cm</subfield>
  </datafield>
  <datafield tag="336" ind1=" " ind2=" ">
    <subfield code="a">text</subfield>
    <subfield code="b">txt</subfield>
    <subfield code="2">rdacontent</subfield>
  </datafield>
  <datafield tag="337" ind1=" " ind2=" ">
    <subfield code="a">unmediated</subfield>
    <subfield code="b">n</subfield>
    <subfield code="2">rdamedia</subfield>
  </datafield>
  <datafield tag="338" ind1=" " ind2=" ">
    <subfield code="a">volume</subfield>
    <subfield code="b">nc</subfield>
    <subfield code="2">rdacarrier</subfield>
  </datafield>
  <datafield tag="520" ind1=" " ind2=" ">
    <subfield code="a">&quot;In her second book on New Mexico&apos;s Galisteo Basin, cultural historian Lucy R. Lippard writes about the village of Galisteo, where she has lived for more than a quarter century. The history of a place she refers to as Pueblo Chico (Little Town) is based on historical documents and the memories of the descendants of the original settlers in the early 1800s, heirs of the Spanish colonizers who courageously settled this isolated valley despite official neglect and Indian raids. The memories of those-Hispano and Anglo-who came later also echo throughout this book. But many lives have already receded into the land, and few remain who can tell the oldest stories. The land itself has the longest memory, harboring traces of towns, trails, agriculture, and other land use going back thousands of years. As editor of the village&apos;s monthly newsletter for twenty-three years, Lippard is familiar not only with the cultural landscape of the Galisteo Basin (the subject of her previous book Down Country) but also with the daily lives of villagers over two centuries, enriched by the stories she has been told. From its inception, Galisteo has been about the vortex of land and lives, the ways people continue to change their place, and the ways the land has in turn changed the people who have lived here long enough to become part of it&quot;--</subfield>
    <subfield code="c">Provided by publisher.</subfield>
  </datafield>
</record>