
<record>
  <leader>03507cam a22005651i 4500</leader>
  <controlfield tag="001">21348951</controlfield>
  <controlfield tag="005">20200102191509.0</controlfield>
  <controlfield tag="008">191231s2018    ru a     b    001 0drus c</controlfield>
  <datafield tag="906" ind1=" " ind2=" ">
    <subfield code="a">0</subfield>
    <subfield code="b">cbc</subfield>
    <subfield code="c">pccadap</subfield>
    <subfield code="d">3</subfield>
    <subfield code="e">ncip</subfield>
    <subfield code="f">20</subfield>
    <subfield code="g">y-nonroman</subfield>
  </datafield>
  <datafield tag="925" ind1="0" ind2=" ">
    <subfield code="a">acquire</subfield>
    <subfield code="b">1 shelf copy</subfield>
    <subfield code="x">policy default</subfield>
  </datafield>
  <datafield tag="955" ind1=" " ind2=" ">
    <subfield code="b">fe15 2019-12-31 telework z-processor JACKPHY to cat.</subfield>
    <subfield code="a">fe00 2020-01-02 to GS/RUS</subfield>
    <subfield code="i">fe15 2020-01-02 telework to BCCD</subfield>
  </datafield>
  <datafield tag="020" ind1=" " ind2=" ">
    <subfield code="a">9785920805157</subfield>
    <subfield code="q">(hardcover)</subfield>
  </datafield>
  <datafield tag="020" ind1=" " ind2=" ">
    <subfield code="a">5920805153</subfield>
    <subfield code="q">(hardcover)</subfield>
  </datafield>
  <datafield tag="035" ind1=" " ind2=" ">
    <subfield code="a">(OCoLC)on1089756852</subfield>
  </datafield>
  <datafield tag="040" ind1=" " ind2=" ">
    <subfield code="a">PIT</subfield>
    <subfield code="b">eng</subfield>
    <subfield code="c">PIT</subfield>
    <subfield code="e">rda</subfield>
    <subfield code="d">OCLCF</subfield>
    <subfield code="d">IUL</subfield>
    <subfield code="d">OSU</subfield>
    <subfield code="d">UKMGB</subfield>
    <subfield code="d">EEM</subfield>
    <subfield code="d">OCLCA</subfield>
    <subfield code="d">DLC</subfield>
  </datafield>
  <datafield tag="041" ind1="0" ind2=" ">
    <subfield code="a">rus</subfield>
    <subfield code="b">eng</subfield>
  </datafield>
  <datafield tag="042" ind1=" " ind2=" ">
    <subfield code="a">pcc</subfield>
  </datafield>
  <datafield tag="043" ind1=" " ind2=" ">
    <subfield code="a">e-ur---</subfield>
  </datafield>
  <datafield tag="066" ind1=" " ind2=" ">
    <subfield code="a">(N</subfield>
  </datafield>
  <datafield tag="097" ind1="0" ind2="0">
    <subfield code="a">PG3465</subfield>
    <subfield code="b">.V74 2018</subfield>
  </datafield>
  <datafield tag="245" ind1="0" ind2="0">
    <subfield code="6">880-01</subfield>
    <subfield code="a">Vremi︠a︡ Gorʹkogo i problemy istorii :</subfield>
    <subfield code="b">materialy i issledovanii︠a︡ /</subfield>
    <subfield code="c">Redakt︠s︡ionnai︠a︡ kollegii︠a︡, Spiridonova L.A. (otvetstvennyĭ redaktor), Primochkina, N.N., Plotnikova, A.G.</subfield>
  </datafield>
  <datafield tag="880" ind1="0" ind2="0">
    <subfield code="6">245-01</subfield>
    <subfield code="a">Время Горького и проблемы истории :</subfield>
    <subfield code="b">материалы и исследования /</subfield>
    <subfield code="c">Pедакционная коллегия, Спиридонова Л.А. (ответственный редактор), Примочкина, Н.Н., Плотникова, А.Г.</subfield>
  </datafield>
  <datafield tag="264" ind1=" " ind2="1">
    <subfield code="6">880-02</subfield>
    <subfield code="a">Moskva :</subfield>
    <subfield code="b">IMLI RAN,</subfield>
    <subfield code="c">2018.</subfield>
  </datafield>
  <datafield tag="880" ind1=" " ind2="1">
    <subfield code="6">264-02</subfield>
    <subfield code="a">Москва :</subfield>
    <subfield code="b">ИМЛИ РАН,</subfield>
    <subfield code="c">2018.</subfield>
  </datafield>
  <datafield tag="300" ind1=" " ind2=" ">
    <subfield code="a">431 pages :</subfield>
    <subfield code="b">illustrations ;</subfield>
    <subfield code="c">25 cm.</subfield>
  </datafield>
  <datafield tag="336" ind1=" " ind2=" ">
    <subfield code="a">text</subfield>
    <subfield code="b">txt</subfield>
    <subfield code="2">rdacontent</subfield>
  </datafield>
  <datafield tag="337" ind1=" " ind2=" ">
    <subfield code="a">unmediated</subfield>
    <subfield code="b">n</subfield>
    <subfield code="2">rdamedia</subfield>
  </datafield>
  <datafield tag="338" ind1=" " ind2=" ">
    <subfield code="a">volume</subfield>
    <subfield code="b">nc</subfield>
    <subfield code="2">rdacarrier</subfield>
  </datafield>
  <datafield tag="490" ind1="1" ind2=" ">
    <subfield code="6">880-03</subfield>
    <subfield code="a">M. Gorʹkiĭ -- materialy i issledovanii︠a︡ ;</subfield>
    <subfield code="v">vypusk 14</subfield>
  </datafield>
  <datafield tag="880" ind1="1" ind2=" ">
    <subfield code="6">490-03</subfield>
    <subfield code="a">М. Горький -- материалы и исследования ;</subfield>
    <subfield code="v">выпуск 14</subfield>
  </datafield>
  <datafield tag="490" ind1="1" ind2=" ">
    <subfield code="6">880-04</subfield>
    <subfield code="a">Nasledie Maksima Gorʹkogo v russkoĭ i mirovoĭ kulʹture</subfield>
  </datafield>
  <datafield tag="880" ind1="1" ind2=" ">
    <subfield code="6">490-04</subfield>
    <subfield code="a">Наследие Максима Горького в русской и мировой культуре</subfield>
  </datafield>
  <datafield tag="546" ind1=" " ind2=" ">
    <subfield code="a">Abstracts in English.</subfield>
  </datafield>
  <datafield tag="500" ind1=" " ind2=" ">
    <subfield code="6">880-05</subfield>
    <subfield code="a">At head of title: Federalʹnoe bi︠u︡dzhetnoe uchrezhdenie nauki Institut mirovoĭ literatury imeni A.M. Gorʹkogo.</subfield>
  </datafield>
  <datafield tag="880" ind1=" " ind2=" ">
    <subfield code="6">500-05</subfield>
    <subfield code="a">At head of title: Федеральное бюджетное учреждение науки Институт мировой литературы имени А.М. Горького.</subfield>
  </datafield>
  <datafield tag="504" ind1=" " ind2=" ">
    <subfield code="a">Includes bibliographical references and indexes.</subfield>
  </datafield>
  <datafield tag="600" ind1="1" ind2="0">
    <subfield code="6">880-06</subfield>
    <subfield code="a">Gorky, Maksim,</subfield>
    <subfield code="d">1868-1936</subfield>
    <subfield code="x">Criticism and interpretation.</subfield>
  </datafield>
  <datafield tag="880" ind1="1" ind2="0">
    <subfield code="6">600-06</subfield>
    <subfield code="a">Горкы, Максим,</subfield>
    <subfield code="d">1868-1936</subfield>
    <subfield code="x">Criticism and interpretation.</subfield>
  </datafield>
  <datafield tag="600" ind1="1" ind2="0">
    <subfield code="6">880-07</subfield>
    <subfield code="a">Gorky, Maksim,</subfield>
    <subfield code="d">1868-1936</subfield>
    <subfield code="x">Correspondence.</subfield>
  </datafield>
  <datafield tag="880" ind1="1" ind2="0">
    <subfield code="6">600-07</subfield>
    <subfield code="a">Горкы, Максим,</subfield>
    <subfield code="d">1868-1936</subfield>
    <subfield code="x">Correspondence.</subfield>
  </datafield>
  <datafield tag="600" ind1="1" ind2="0">
    <subfield code="a">Gorky, Maksim,</subfield>
    <subfield code="d">1868-1936</subfield>
    <subfield code="v">Correspondence.</subfield>
  </datafield>
  <datafield tag="700" ind1="1" ind2=" ">
    <subfield code="a">Spiridonova, L. A.</subfield>
    <subfield code="q">(Lidii︠a︡ Alekseevna),</subfield>
    <subfield code="d">1934-</subfield>
    <subfield code="e">editor.</subfield>
  </datafield>
  <datafield tag="700" ind1="1" ind2=" ">
    <subfield code="a">Primochkina, N.,</subfield>
    <subfield code="e">editor.</subfield>
  </datafield>
  <datafield tag="700" ind1="1" ind2=" ">
    <subfield code="a">Plotnikova, A. G.</subfield>
    <subfield code="q">(Anastasii︠a︡ Gennadʹevna),</subfield>
    <subfield code="e">editor.</subfield>
  </datafield>
  <datafield tag="710" ind1="2" ind2=" ">
    <subfield code="a">Institut mirovoĭ literatury imeni A.M. Gorʹkogo,</subfield>
    <subfield code="e">issuing body,</subfield>
    <subfield code="e">publisher.</subfield>
  </datafield>
  <datafield tag="830" ind1=" " ind2="0">
    <subfield code="6">880-13</subfield>
    <subfield code="a">M. Gorʹkiĭ, materialy i issledovanii︠a︡ ;</subfield>
    <subfield code="v">vyp. 14.</subfield>
  </datafield>
  <datafield tag="880" ind1=" " ind2="0">
    <subfield code="6">830-13</subfield>
    <subfield code="a">М. Горький, материалы и исследования ;</subfield>
    <subfield code="v">вып. 14.</subfield>
  </datafield>
  <datafield tag="830" ind1=" " ind2="0">
    <subfield code="6">880-14</subfield>
    <subfield code="a">Nasledie Maksima Gorʹkogo v russkoĭ i mirovoĭ kulʹture.</subfield>
  </datafield>
  <datafield tag="880" ind1=" " ind2="0">
    <subfield code="6">830-14</subfield>
    <subfield code="a">Наследие Максима Горького в русской и мировой культуре.</subfield>
  </datafield>
  <datafield tag="923" ind1=" " ind2=" ">
    <subfield code="a">exchange</subfield>
    <subfield code="s">Rus State Lib (RGB) 93000622</subfield>
  </datafield>
</record>