
<record>
  <leader>03302cam a22004811i 4500</leader>
  <controlfield tag="001">21348956</controlfield>
  <controlfield tag="005">20200102194423.0</controlfield>
  <controlfield tag="008">191231t20172017ru a          000 0 rus c</controlfield>
  <datafield tag="906" ind1=" " ind2=" ">
    <subfield code="a">0</subfield>
    <subfield code="b">cbc</subfield>
    <subfield code="c">pccadap</subfield>
    <subfield code="d">3</subfield>
    <subfield code="e">ncip</subfield>
    <subfield code="f">20</subfield>
    <subfield code="g">y-nonroman</subfield>
  </datafield>
  <datafield tag="925" ind1="0" ind2=" ">
    <subfield code="a">acquire</subfield>
    <subfield code="b">1 shelf copy</subfield>
    <subfield code="x">policy default</subfield>
  </datafield>
  <datafield tag="955" ind1=" " ind2=" ">
    <subfield code="b">fe15 2019-12-31 telework z-processor JACKPHY to cat.</subfield>
    <subfield code="a">fe00 2020-01-02 to GS/RUS</subfield>
    <subfield code="i">fe15 2020-01-02 telework to BCCD</subfield>
  </datafield>
  <datafield tag="010" ind1=" " ind2=" ">
    <subfield code="a">  2019451785</subfield>
  </datafield>
  <datafield tag="020" ind1=" " ind2=" ">
    <subfield code="a">9785227066305</subfield>
  </datafield>
  <datafield tag="035" ind1=" " ind2=" ">
    <subfield code="a">(OCoLC)ocn986240814</subfield>
  </datafield>
  <datafield tag="040" ind1=" " ind2=" ">
    <subfield code="a">NYP</subfield>
    <subfield code="b">eng</subfield>
    <subfield code="c">NYP</subfield>
    <subfield code="e">rda</subfield>
    <subfield code="d">IUL</subfield>
    <subfield code="d">OCLCA</subfield>
    <subfield code="d">PAU</subfield>
    <subfield code="d">VA@</subfield>
    <subfield code="d">COF</subfield>
    <subfield code="d">P@V</subfield>
    <subfield code="d">COO</subfield>
    <subfield code="d">STF</subfield>
    <subfield code="d">UAT</subfield>
    <subfield code="d">OCLCA</subfield>
    <subfield code="d">DLC</subfield>
  </datafield>
  <datafield tag="042" ind1=" " ind2=" ">
    <subfield code="a">pcc</subfield>
  </datafield>
  <datafield tag="043" ind1=" " ind2=" ">
    <subfield code="a">e-urk--</subfield>
  </datafield>
  <datafield tag="066" ind1=" " ind2=" ">
    <subfield code="a">(N</subfield>
  </datafield>
  <datafield tag="097" ind1="0" ind2="0">
    <subfield code="a">DS134.9.C38</subfield>
    <subfield code="b">K38 2017</subfield>
  </datafield>
  <datafield tag="245" ind1="0" ind2="0">
    <subfield code="6">880-01</subfield>
    <subfield code="a">Kavkazskie evrei-gort︠s︡y :</subfield>
    <subfield code="b">tragicheskai︠a︡ istorii︠a︡ kavkazskikh evreev--zhiznennyĭ uklad, tradit︠s︡ii, obri︠a︡dy i verovanii︠a︡--vzaimootnoshenii︠a︡ s khristianskimi i musulʹmanskimi narodami.</subfield>
  </datafield>
  <datafield tag="880" ind1="0" ind2="0">
    <subfield code="6">245-01</subfield>
    <subfield code="a">Кавказские евреи-горцы :</subfield>
    <subfield code="b">трагическая история кавказских евреев--жизненный уклад, традиции, обряды и верования--взаимоотношения с христианскими и мусульманскими народами.</subfield>
  </datafield>
  <datafield tag="246" ind1="3" ind2="0">
    <subfield code="6">880-02</subfield>
    <subfield code="a">Tragicheskai︠a︡ istorii︠a︡ kavkazskikh evreev--zhiznennyĭ uklad, tradit︠s︡ii, obri︠a︡dy i verovanii︠a︡--vzaimootnoshenii︠a︡ s khristianskimi i musulʹmanskimi narodami</subfield>
  </datafield>
  <datafield tag="880" ind1="3" ind2="0">
    <subfield code="6">246-02</subfield>
    <subfield code="a">Трагическая история кавказских евреев--жизненный уклад, традиции, обряды и верования--взаимоотношения с христианскими и мусульманскими народами</subfield>
  </datafield>
  <datafield tag="264" ind1=" " ind2="1">
    <subfield code="6">880-03</subfield>
    <subfield code="a">Moskva :</subfield>
    <subfield code="b">T︠S︡entrpoligraf,</subfield>
    <subfield code="c">2017.</subfield>
  </datafield>
  <datafield tag="880" ind1=" " ind2="1">
    <subfield code="6">264-03</subfield>
    <subfield code="a">Москва :</subfield>
    <subfield code="b">Центрполиграф,</subfield>
    <subfield code="c">2017.</subfield>
  </datafield>
  <datafield tag="264" ind1=" " ind2="4">
    <subfield code="c">©2017</subfield>
  </datafield>
  <datafield tag="300" ind1=" " ind2=" ">
    <subfield code="a">317 pages :</subfield>
    <subfield code="b">illustrations ;</subfield>
    <subfield code="c">21 cm</subfield>
  </datafield>
  <datafield tag="336" ind1=" " ind2=" ">
    <subfield code="a">text</subfield>
    <subfield code="b">txt</subfield>
    <subfield code="2">rdacontent</subfield>
  </datafield>
  <datafield tag="337" ind1=" " ind2=" ">
    <subfield code="a">unmediated</subfield>
    <subfield code="b">n</subfield>
    <subfield code="2">rdamedia</subfield>
  </datafield>
  <datafield tag="338" ind1=" " ind2=" ">
    <subfield code="a">volume</subfield>
    <subfield code="b">nc</subfield>
    <subfield code="2">rdacarrier</subfield>
  </datafield>
  <datafield tag="505" ind1="0" ind2="0">
    <subfield code="6">880-04</subfield>
    <subfield code="t">Gorskie evrei Terskoĭ oblasti /</subfield>
    <subfield code="r">Iuda Chernyĭ --</subfield>
    <subfield code="t">Voinstvui︠u︡shchīĭ Izrailʹ /</subfield>
    <subfield code="r">Vasiliĭ Nemirovich-Danchenko --</subfield>
    <subfield code="t">Kavkazskie evrei-gort︠s︡y /</subfield>
    <subfield code="r">Ilʹi︠a︡ Anisimov.</subfield>
  </datafield>
  <datafield tag="880" ind1="0" ind2="0">
    <subfield code="6">505-04</subfield>
    <subfield code="t">Горские евреи Терской области /</subfield>
    <subfield code="r">Иуда Черный --</subfield>
    <subfield code="t">Воинствующій Израиль /</subfield>
    <subfield code="r">Василий Немирович-Данченко --</subfield>
    <subfield code="t">Кавказские евреи-горцы /</subfield>
    <subfield code="r">Илья Анисимов.</subfield>
  </datafield>
  <datafield tag="650" ind1=" " ind2="0">
    <subfield code="a">Mountain Jews</subfield>
    <subfield code="z">Caucasus</subfield>
    <subfield code="x">Social life and customs.</subfield>
  </datafield>
  <datafield tag="650" ind1=" " ind2="0">
    <subfield code="a">Tats</subfield>
    <subfield code="z">Caucasus</subfield>
    <subfield code="x">Social life and customs.</subfield>
  </datafield>
  <datafield tag="650" ind1=" " ind2="0">
    <subfield code="a">Ethnology</subfield>
    <subfield code="z">Caucasus.</subfield>
  </datafield>
  <datafield tag="650" ind1=" " ind2="0">
    <subfield code="a">Jews</subfield>
    <subfield code="z">Caucasus</subfield>
    <subfield code="x">History.</subfield>
  </datafield>
  <datafield tag="650" ind1=" " ind2="0">
    <subfield code="a">Jews</subfield>
    <subfield code="z">Caucasus</subfield>
    <subfield code="x">Social life and customs.</subfield>
  </datafield>
  <datafield tag="650" ind1=" " ind2="0">
    <subfield code="a">Jews</subfield>
    <subfield code="z">Russia (Federation)</subfield>
    <subfield code="z">Dagestan</subfield>
    <subfield code="x">History</subfield>
    <subfield code="y">19th century.</subfield>
  </datafield>
  <datafield tag="651" ind1=" " ind2="0">
    <subfield code="a">Caucasus</subfield>
    <subfield code="x">Ethnic relations.</subfield>
  </datafield>
  <datafield tag="700" ind1="1" ind2="2">
    <subfield code="a">Chernyĭ, I.</subfield>
    <subfield code="t">Gorskie evrei Terskoĭ oblasti.</subfield>
  </datafield>
  <datafield tag="700" ind1="1" ind2="2">
    <subfield code="a">Nemirovich-Danchenko, Vasiliĭ Ivanovich,</subfield>
    <subfield code="d">1848-1936.</subfield>
    <subfield code="t">Voinstvui︠u︡shchīĭ Izrailʹ.</subfield>
  </datafield>
  <datafield tag="700" ind1="1" ind2="2">
    <subfield code="a">Anisimov, I. Sh.</subfield>
    <subfield code="q">(Ilʹi︠a︡ Sherebetovich),</subfield>
    <subfield code="d">1862-1928.</subfield>
    <subfield code="t">Kavkazskie evrei-gort︠s︡y.</subfield>
  </datafield>
  <datafield tag="923" ind1=" " ind2=" ">
    <subfield code="a">exchange</subfield>
    <subfield code="s">Rus State Pub Historical Lib 93000614</subfield>
  </datafield>
</record>