
<record>
  <leader>01604cam a22003611i 4500</leader>
  <controlfield tag="001">21348959</controlfield>
  <controlfield tag="005">20200102193201.0</controlfield>
  <controlfield tag="008">191231s2012    ru a     b    000 0 rus d</controlfield>
  <datafield tag="906" ind1=" " ind2=" ">
    <subfield code="a">0</subfield>
    <subfield code="b">cbc</subfield>
    <subfield code="c">copycat</subfield>
    <subfield code="d">3</subfield>
    <subfield code="e">ncip</subfield>
    <subfield code="f">20</subfield>
    <subfield code="g">y-nonroman</subfield>
  </datafield>
  <datafield tag="925" ind1="0" ind2=" ">
    <subfield code="a">acquire</subfield>
    <subfield code="b">1 shelf copy</subfield>
    <subfield code="x">policy default</subfield>
  </datafield>
  <datafield tag="955" ind1=" " ind2=" ">
    <subfield code="b">fe15 2019-12-31 telework z-processor JACKPHY to cat.</subfield>
    <subfield code="a">fe00 2020-01-02 to GS/RUS</subfield>
    <subfield code="i">fe15 2020-01-02 telework to BCCD</subfield>
  </datafield>
  <datafield tag="010" ind1=" " ind2=" ">
    <subfield code="a">  2019451791</subfield>
  </datafield>
  <datafield tag="020" ind1=" " ind2=" ">
    <subfield code="a">9785918520239</subfield>
  </datafield>
  <datafield tag="035" ind1=" " ind2=" ">
    <subfield code="a">(OCoLC)ocn808457578</subfield>
  </datafield>
  <datafield tag="040" ind1=" " ind2=" ">
    <subfield code="a">NOC</subfield>
    <subfield code="b">eng</subfield>
    <subfield code="c">NOC</subfield>
    <subfield code="d">OCLCA</subfield>
    <subfield code="d">OCLCF</subfield>
    <subfield code="d">OCLCO</subfield>
    <subfield code="d">OCLCQ</subfield>
    <subfield code="d">OCLCO</subfield>
    <subfield code="d">OCL</subfield>
    <subfield code="d">DLC</subfield>
  </datafield>
  <datafield tag="042" ind1=" " ind2=" ">
    <subfield code="a">lccopycat</subfield>
  </datafield>
  <datafield tag="043" ind1=" " ind2=" ">
    <subfield code="a">ac-----</subfield>
  </datafield>
  <datafield tag="066" ind1=" " ind2=" ">
    <subfield code="a">(N</subfield>
  </datafield>
  <datafield tag="097" ind1="0" ind2="0">
    <subfield code="a">DS22.7</subfield>
    <subfield code="b">.I958 2012</subfield>
  </datafield>
  <datafield tag="100" ind1="1" ind2=" ">
    <subfield code="a">I︠U︡rchenko, A. G.</subfield>
    <subfield code="q">(Aleksandr G.),</subfield>
    <subfield code="e">author.</subfield>
  </datafield>
  <datafield tag="245" ind1="1" ind2="0">
    <subfield code="6">880-01</subfield>
    <subfield code="a">Khan Uzbek :</subfield>
    <subfield code="b">mezhdu imperieĭ i islamom : struktury povsednevnosti : kniga-konspekt /</subfield>
    <subfield code="c">A.G. I︠U︡rchenko.</subfield>
  </datafield>
  <datafield tag="880" ind1="1" ind2="0">
    <subfield code="6">245-01</subfield>
    <subfield code="a">Хан Узбек :</subfield>
    <subfield code="b">между империей и исламом : структуры повседневности : книга-конспект /</subfield>
    <subfield code="c">А.Г. Юрченко.</subfield>
  </datafield>
  <datafield tag="260" ind1=" " ind2=" ">
    <subfield code="6">880-02</subfield>
    <subfield code="a">Sankt-Peterburg :</subfield>
    <subfield code="b">Evrazii︠a︡,</subfield>
    <subfield code="c">2012.</subfield>
  </datafield>
  <datafield tag="880" ind1=" " ind2=" ">
    <subfield code="6">260-02</subfield>
    <subfield code="a">Санкт-Петербург :</subfield>
    <subfield code="b">Евразия,</subfield>
    <subfield code="c">2012.</subfield>
  </datafield>
  <datafield tag="300" ind1=" " ind2=" ">
    <subfield code="a">399 pages :</subfield>
    <subfield code="b">illustrations ;</subfield>
    <subfield code="c">23 cm</subfield>
  </datafield>
  <datafield tag="336" ind1=" " ind2=" ">
    <subfield code="a">text</subfield>
    <subfield code="b">txt</subfield>
    <subfield code="2">rdacontent</subfield>
  </datafield>
  <datafield tag="337" ind1=" " ind2=" ">
    <subfield code="a">unmediated</subfield>
    <subfield code="b">n</subfield>
    <subfield code="2">rdamedia</subfield>
  </datafield>
  <datafield tag="338" ind1=" " ind2=" ">
    <subfield code="a">volume</subfield>
    <subfield code="b">nc</subfield>
    <subfield code="2">rdacarrier</subfield>
  </datafield>
  <datafield tag="504" ind1=" " ind2=" ">
    <subfield code="a">Includes bibliographical references (pages 331-397).</subfield>
  </datafield>
  <datafield tag="651" ind1=" " ind2="0">
    <subfield code="a">Golden Horde</subfield>
    <subfield code="x">Civilization.</subfield>
  </datafield>
  <datafield tag="650" ind1=" " ind2="0">
    <subfield code="a">Mongols</subfield>
    <subfield code="x">Religion.</subfield>
  </datafield>
  <datafield tag="650" ind1=" " ind2="0">
    <subfield code="a">Islam</subfield>
    <subfield code="z">Asia, Central</subfield>
    <subfield code="x">History.</subfield>
  </datafield>
  <datafield tag="923" ind1=" " ind2=" ">
    <subfield code="a">exchange</subfield>
    <subfield code="s">Rus Nat Lib (NLR 93000632)</subfield>
  </datafield>
</record>