
<record>
  <leader>02661cam a22005051i 4500</leader>
  <controlfield tag="001">21348962</controlfield>
  <controlfield tag="005">20200102192523.0</controlfield>
  <controlfield tag="008">191231s1978    ru af    bd   001 0 rus d</controlfield>
  <datafield tag="906" ind1=" " ind2=" ">
    <subfield code="a">0</subfield>
    <subfield code="b">cbc</subfield>
    <subfield code="c">copycat</subfield>
    <subfield code="d">3</subfield>
    <subfield code="e">ncip</subfield>
    <subfield code="f">20</subfield>
    <subfield code="g">y-nonroman</subfield>
  </datafield>
  <datafield tag="925" ind1="0" ind2=" ">
    <subfield code="a">acquire</subfield>
    <subfield code="b">1 shelf copy</subfield>
    <subfield code="x">policy default</subfield>
  </datafield>
  <datafield tag="955" ind1=" " ind2=" ">
    <subfield code="b">fe15 2019-12-31 telework z-processor JACKPHY to cat.</subfield>
    <subfield code="a">fe00 2020-01-02 to GS/RUS</subfield>
    <subfield code="i">fe15 2020-01-02 telework to BCCD</subfield>
  </datafield>
  <datafield tag="010" ind1=" " ind2=" ">
    <subfield code="a">  2019451780</subfield>
  </datafield>
  <datafield tag="035" ind1=" " ind2=" ">
    <subfield code="a">(OCoLC)ocm17284236</subfield>
  </datafield>
  <datafield tag="040" ind1=" " ind2=" ">
    <subfield code="a">YSM</subfield>
    <subfield code="b">eng</subfield>
    <subfield code="e">rda</subfield>
    <subfield code="c">YSM</subfield>
    <subfield code="d">CRL</subfield>
    <subfield code="d">UIU</subfield>
    <subfield code="d">OCLCQ</subfield>
    <subfield code="d">MUU</subfield>
    <subfield code="d">OCLCG</subfield>
    <subfield code="d">HLS</subfield>
    <subfield code="d">OCLCQ</subfield>
    <subfield code="d">OCLCO</subfield>
    <subfield code="d">OCLCF</subfield>
    <subfield code="d">OCLCQ</subfield>
    <subfield code="d">OCL</subfield>
    <subfield code="d">OCLCA</subfield>
    <subfield code="d">UKMGB</subfield>
    <subfield code="d">OCLCQ</subfield>
    <subfield code="d">OCLCO</subfield>
    <subfield code="d">DLC</subfield>
  </datafield>
  <datafield tag="041" ind1="1" ind2=" ">
    <subfield code="a">rus</subfield>
    <subfield code="h">fre</subfield>
  </datafield>
  <datafield tag="042" ind1=" " ind2=" ">
    <subfield code="a">lccopycat</subfield>
  </datafield>
  <datafield tag="066" ind1=" " ind2=" ">
    <subfield code="c">(N</subfield>
  </datafield>
  <datafield tag="082" ind1="0" ind2="4">
    <subfield code="a">034</subfield>
  </datafield>
  <datafield tag="097" ind1="0" ind2="0">
    <subfield code="a">D9</subfield>
    <subfield code="b">.I87x 1978</subfield>
  </datafield>
  <datafield tag="130" ind1="0" ind2=" ">
    <subfield code="a">Encyclopédie.</subfield>
    <subfield code="l">Russian.</subfield>
    <subfield code="k">Selections.</subfield>
  </datafield>
  <datafield tag="245" ind1="1" ind2="0">
    <subfield code="6">880-01</subfield>
    <subfield code="a">Istorii︠a︡ v Ėnt︠s︡iklopedii Didro i D&apos;Alambera /</subfield>
    <subfield code="c">Perevod i primechanii︠a︡, N.V. Revunenkovoĭ ; pod obshcheĭ redakt︠s︡ieĭ, A.D. Li︠u︡blinskoĭ.</subfield>
  </datafield>
  <datafield tag="880" ind1="1" ind2="0">
    <subfield code="6">245-01/(N</subfield>
    <subfield code="a">История в Энциклопедии Дидро и ДьАламбера /</subfield>
    <subfield code="c">Перевод и примечания, Н.В. Ревуненковой ; под общей редакцией, А.Д. Люблинской.</subfield>
  </datafield>
  <datafield tag="246" ind1="1" ind2="5">
    <subfield code="a">Articles historiques de l&apos;Encyclopédie de Diderot et D&apos;Alembert</subfield>
  </datafield>
  <datafield tag="246" ind1="1" ind2="8">
    <subfield code="6">880-02</subfield>
    <subfield code="a">Istorii︠a︡ v Ėnt︠s︡iklopedii</subfield>
  </datafield>
  <datafield tag="880" ind1="1" ind2="8">
    <subfield code="6">246-02/(N</subfield>
    <subfield code="a">История в Энциклопедии</subfield>
  </datafield>
  <datafield tag="260" ind1=" " ind2=" ">
    <subfield code="6">880-03</subfield>
    <subfield code="a">Leningrad :</subfield>
    <subfield code="b">&quot;Nauka, &quot; Leningradskoe otdelenie,</subfield>
    <subfield code="c">1978.</subfield>
  </datafield>
  <datafield tag="880" ind1=" " ind2=" ">
    <subfield code="6">260-03/(N</subfield>
    <subfield code="a">Ленинград :</subfield>
    <subfield code="b">&quot;Наука, &quot; Ленинградское отделение,</subfield>
    <subfield code="c">1978.</subfield>
  </datafield>
  <datafield tag="300" ind1=" " ind2=" ">
    <subfield code="a">311 pages, 2 unnumbered leaves of plates :</subfield>
    <subfield code="b">illustrations ;</subfield>
    <subfield code="c">23 cm.</subfield>
  </datafield>
  <datafield tag="336" ind1=" " ind2=" ">
    <subfield code="a">text</subfield>
    <subfield code="b">txt</subfield>
    <subfield code="2">rdacontent</subfield>
  </datafield>
  <datafield tag="337" ind1=" " ind2=" ">
    <subfield code="a">unmediated</subfield>
    <subfield code="b">n</subfield>
    <subfield code="2">rdamedia</subfield>
  </datafield>
  <datafield tag="338" ind1=" " ind2=" ">
    <subfield code="a">volume</subfield>
    <subfield code="b">nc</subfield>
    <subfield code="2">rdacarrier</subfield>
  </datafield>
  <datafield tag="490" ind1="1" ind2=" ">
    <subfield code="6">880-04</subfield>
    <subfield code="a">Pami︠a︡tniki istoricheskoĭ mysli</subfield>
  </datafield>
  <datafield tag="880" ind1="1" ind2=" ">
    <subfield code="6">490-04/(N</subfield>
    <subfield code="a">Памятники исторической мысли</subfield>
  </datafield>
  <datafield tag="504" ind1=" " ind2=" ">
    <subfield code="a">Includes bibliographical references and index.</subfield>
  </datafield>
  <datafield tag="650" ind1=" " ind2="0">
    <subfield code="a">History</subfield>
    <subfield code="v">Dictionaries</subfield>
    <subfield code="x">French.</subfield>
  </datafield>
  <datafield tag="650" ind1=" " ind2="0">
    <subfield code="a">History</subfield>
    <subfield code="v">Dictionaries</subfield>
    <subfield code="x">Russian.</subfield>
  </datafield>
  <datafield tag="650" ind1=" " ind2="0">
    <subfield code="a">Encyclopedias and dictionaries, French.</subfield>
  </datafield>
  <datafield tag="650" ind1=" " ind2="0">
    <subfield code="a">Encyclopedias and dictionaries, Russian.</subfield>
  </datafield>
  <datafield tag="700" ind1="1" ind2=" ">
    <subfield code="a">Diderot, Denis,</subfield>
    <subfield code="d">1713-1784.</subfield>
  </datafield>
  <datafield tag="700" ind1="1" ind2=" ">
    <subfield code="a">Alembert, Jean Le Rond d&apos;,</subfield>
    <subfield code="d">1717-1783.</subfield>
  </datafield>
  <datafield tag="700" ind1="1" ind2=" ">
    <subfield code="a">Li︠u︡blinskai︠a︡, Aleksandra Dmitrievna,</subfield>
    <subfield code="e">editor.</subfield>
  </datafield>
  <datafield tag="700" ind1="1" ind2=" ">
    <subfield code="a">Li︠u︡blinskai︠a︡, A. D.</subfield>
    <subfield code="q">(Aleksandra Dmitrievna),</subfield>
    <subfield code="e">translator.</subfield>
  </datafield>
  <datafield tag="830" ind1=" " ind2="0">
    <subfield code="6">880-05</subfield>
    <subfield code="a">Pami︠a︡tniki istoricheskoĭ mysli.</subfield>
  </datafield>
  <datafield tag="880" ind1=" " ind2="0">
    <subfield code="6">830-05/(N</subfield>
    <subfield code="a">Памятники исторической мысли.</subfield>
  </datafield>
  <datafield tag="923" ind1=" " ind2=" ">
    <subfield code="a">Gift</subfield>
  </datafield>
</record>