
<record>
  <leader>03771cam a22003498i 4500</leader>
  <controlfield tag="001">21348963</controlfield>
  <controlfield tag="005">20200102192054.0</controlfield>
  <controlfield tag="008">191224s2020    nyu      b    001 0 eng  </controlfield>
  <datafield tag="906" ind1=" " ind2=" ">
    <subfield code="a">0</subfield>
    <subfield code="b">ibc</subfield>
    <subfield code="c">orignew</subfield>
    <subfield code="d">1</subfield>
    <subfield code="e">ecip</subfield>
    <subfield code="f">20</subfield>
    <subfield code="g">y-gencatlg</subfield>
  </datafield>
  <datafield tag="925" ind1="0" ind2=" ">
    <subfield code="a">acquire</subfield>
    <subfield code="b">1 shelf copy</subfield>
    <subfield code="x">policy default</subfield>
  </datafield>
  <datafield tag="955" ind1=" " ind2=" ">
    <subfield code="b">LBSOR 2019-12-24</subfield>
    <subfield code="e">rm11 2020-01-02 to Dewey</subfield>
  </datafield>
  <datafield tag="010" ind1=" " ind2=" ">
    <subfield code="a">  2019048694</subfield>
  </datafield>
  <datafield tag="020" ind1=" " ind2=" ">
    <subfield code="a">9781250134769</subfield>
    <subfield code="q">(hardcover)</subfield>
  </datafield>
  <datafield tag="020" ind1=" " ind2=" ">
    <subfield code="z">9781250134783</subfield>
    <subfield code="q">(ebook)</subfield>
  </datafield>
  <datafield tag="040" ind1=" " ind2=" ">
    <subfield code="a">LBSOR/DLC</subfield>
    <subfield code="b">eng</subfield>
    <subfield code="e">rda</subfield>
    <subfield code="c">DLC</subfield>
  </datafield>
  <datafield tag="042" ind1=" " ind2=" ">
    <subfield code="a">pcc</subfield>
  </datafield>
  <datafield tag="050" ind1="0" ind2="0">
    <subfield code="a">HE336.S77</subfield>
    <subfield code="b">M37 2020</subfield>
  </datafield>
  <datafield tag="100" ind1="1" ind2=" ">
    <subfield code="a">Mask, Deirdre,</subfield>
    <subfield code="e">author.</subfield>
  </datafield>
  <datafield tag="245" ind1="1" ind2="4">
    <subfield code="a">The address book :</subfield>
    <subfield code="b">what street addresses reveal about identity, race, wealth, and power /</subfield>
    <subfield code="c">Deirdre Mask.</subfield>
  </datafield>
  <datafield tag="250" ind1=" " ind2=" ">
    <subfield code="a">First edition.</subfield>
  </datafield>
  <datafield tag="263" ind1=" " ind2=" ">
    <subfield code="a">2004</subfield>
  </datafield>
  <datafield tag="264" ind1=" " ind2="1">
    <subfield code="a">New York :</subfield>
    <subfield code="b">St. Martin&apos;s Press,</subfield>
    <subfield code="c">2020.</subfield>
  </datafield>
  <datafield tag="300" ind1=" " ind2=" ">
    <subfield code="a">pages cm</subfield>
  </datafield>
  <datafield tag="336" ind1=" " ind2=" ">
    <subfield code="a">text</subfield>
    <subfield code="b">txt</subfield>
    <subfield code="2">rdacontent</subfield>
  </datafield>
  <datafield tag="337" ind1=" " ind2=" ">
    <subfield code="a">unmediated</subfield>
    <subfield code="b">n</subfield>
    <subfield code="2">rdamedia</subfield>
  </datafield>
  <datafield tag="338" ind1=" " ind2=" ">
    <subfield code="a">volume</subfield>
    <subfield code="b">nc</subfield>
    <subfield code="2">rdacarrier</subfield>
  </datafield>
  <datafield tag="504" ind1=" " ind2=" ">
    <subfield code="a">Includes bibliographical references and index.</subfield>
  </datafield>
  <datafield tag="505" ind1="0" ind2=" ">
    <subfield code="a">Introduction: Why do street addresses matter? -- Kolkata : how can street addresses transform the slums? -- Haiti : could street addresses stop an epidemic? -- Rome : how did the ancient Romans navigate? -- London : where do street names come from? -- Vienna : what can house numbers teach us about power? -- Philadelphia : why do Americans love numbered streets? -- Korea and Japan : must streets be named? -- Iran : why do street names follow revolutions? -- Berlin : what do Nazi street names tell us about Vergangenheitsbewältigung? -- Hollywood, Florida : why can&apos;t Americans stop arguing about Confederate street names? -- St. Louis : what do Martin Luther King Jr. Streets reveal about race in America? -- South Africa : who belongs on South Africa&apos;s street signs? -- Manhattan : how much is a street name worth? -- Homelessness : how do you live without an address? -- Conclusion: The future : are street addresses doomed?</subfield>
  </datafield>
  <datafield tag="520" ind1=" " ind2=" ">
    <subfield code="a">&quot;An exuberant work of popular history: the story of how streets got their names and houses their numbers, and why something as seemingly mundane as an address can save lives or enforce power. When most people think about street addresses, if they think of them at all, it is in their capacity to ensure that the postman can deliver mail or a traveler won&apos;t get lost. But street addresses were not invented to help you find your way; they were created to find you. Addresses arose out of a grand Enlightenment project to name and number the streets, but they are also a way for people to be identified and tracked by those in power. As Deirdre Mask explains, the practice of numbering houses was popularized in eighteenth-century Vienna by Maria Theresa, leader of the Hapsburg Empire, to tax her subjects and draft them into her military. In many parts of the world, your address can reveal your race and class, causing them to be a shorthand for snobbery or discrimination. In this wide-ranging and remarkable book, Mask looks at the fate of streets named after Martin Luther King, Jr., the wayfinding means of ancient Romans, how Nazis haunt the streets of modern Germany, and why numbered streets dominate in America but not in Europe. The flipside of having an address is not having one, and we see what that means for millions of people today, including those who live in the slums of Kolkata, on the streets of London, or in post-earthquake Haiti. Filled with fascinating people and histories, The Address Book illuminates the complex and sometimes hidden stories behind street names and their power to name,to hide, to decide who counts, who doesn&apos;t-and why&quot;--</subfield>
    <subfield code="c">Provided by publisher.</subfield>
  </datafield>
  <datafield tag="650" ind1=" " ind2="0">
    <subfield code="a">Street addresses</subfield>
    <subfield code="x">Social aspects.</subfield>
  </datafield>
  <datafield tag="650" ind1=" " ind2="0">
    <subfield code="a">Street names</subfield>
    <subfield code="x">Social aspects.</subfield>
  </datafield>
  <datafield tag="985" ind1=" " ind2=" ">
    <subfield code="a">LBSORCIP</subfield>
    <subfield code="d">2019-12-24</subfield>
  </datafield>
</record>