
<record>
  <leader>04711cam a22003858i 4500</leader>
  <controlfield tag="001">21348969</controlfield>
  <controlfield tag="005">20200102111903.0</controlfield>
  <controlfield tag="008">191221s2020    nju      b    001 0 eng  </controlfield>
  <datafield tag="906" ind1=" " ind2=" ">
    <subfield code="a">7</subfield>
    <subfield code="b">cbc</subfield>
    <subfield code="c">orignew</subfield>
    <subfield code="d">1</subfield>
    <subfield code="e">ecip</subfield>
    <subfield code="f">20</subfield>
    <subfield code="g">y-gencatlg</subfield>
  </datafield>
  <datafield tag="925" ind1="0" ind2=" ">
    <subfield code="a">acquire</subfield>
    <subfield code="b">1 shelf copy</subfield>
    <subfield code="x">policy default</subfield>
  </datafield>
  <datafield tag="955" ind1=" " ind2=" ">
    <subfield code="b">LBSOR 2019-12-21</subfield>
    <subfield code="e">rk21 2020-01-02 to Dewey (telework)</subfield>
    <subfield code="w">xm06 2020-01-02</subfield>
  </datafield>
  <datafield tag="010" ind1=" " ind2=" ">
    <subfield code="a">  2019041381</subfield>
  </datafield>
  <datafield tag="020" ind1=" " ind2=" ">
    <subfield code="a">9781119555698</subfield>
    <subfield code="q">(hardback)</subfield>
  </datafield>
  <datafield tag="020" ind1=" " ind2=" ">
    <subfield code="z">9781119555728</subfield>
    <subfield code="q">(adobe pdf)</subfield>
  </datafield>
  <datafield tag="020" ind1=" " ind2=" ">
    <subfield code="z">9781119555704</subfield>
    <subfield code="q">(epub)</subfield>
  </datafield>
  <datafield tag="040" ind1=" " ind2=" ">
    <subfield code="a">LBSOR/DLC</subfield>
    <subfield code="b">eng</subfield>
    <subfield code="e">rda</subfield>
    <subfield code="c">DLC</subfield>
  </datafield>
  <datafield tag="042" ind1=" " ind2=" ">
    <subfield code="a">pcc</subfield>
  </datafield>
  <datafield tag="050" ind1="0" ind2="0">
    <subfield code="a">TN871.255</subfield>
    <subfield code="b">.H925 2020</subfield>
  </datafield>
  <datafield tag="082" ind1="0" ind2="0">
    <subfield code="a">622/.3381</subfield>
    <subfield code="2">23</subfield>
  </datafield>
  <datafield tag="245" ind1="0" ind2="0">
    <subfield code="a">Hydraulic fracturing and well stimulation /</subfield>
    <subfield code="c">edited by Fred Aminzadeh.</subfield>
  </datafield>
  <datafield tag="263" ind1=" " ind2=" ">
    <subfield code="a">1912</subfield>
  </datafield>
  <datafield tag="264" ind1=" " ind2="1">
    <subfield code="a">Hoboken, NJ :</subfield>
    <subfield code="b">Wiley-Scrivener,</subfield>
    <subfield code="c">2020.</subfield>
  </datafield>
  <datafield tag="300" ind1=" " ind2=" ">
    <subfield code="a">pages cm</subfield>
  </datafield>
  <datafield tag="336" ind1=" " ind2=" ">
    <subfield code="a">text</subfield>
    <subfield code="b">txt</subfield>
    <subfield code="2">rdacontent</subfield>
  </datafield>
  <datafield tag="337" ind1=" " ind2=" ">
    <subfield code="a">unmediated</subfield>
    <subfield code="b">n</subfield>
    <subfield code="2">rdamedia</subfield>
  </datafield>
  <datafield tag="338" ind1=" " ind2=" ">
    <subfield code="a">volume</subfield>
    <subfield code="b">nc</subfield>
    <subfield code="2">rdacarrier</subfield>
  </datafield>
  <datafield tag="504" ind1=" " ind2=" ">
    <subfield code="a">Includes bibliographical references and index.</subfield>
  </datafield>
  <datafield tag="505" ind1="0" ind2=" ">
    <subfield code="a">Hydraulic fracturing, an overview / Fred Aminzadeh -- Evolution of stress transfer mechanisms during mechanical interaction between hydraulic fractures and natural fractures / Birendra Jha -- Primer on hydraulic fracturing concerning initiatives on energy sustainability / Michael Holloway and Oliver Rudd -- A graph theoretic approach for spatial analysis of induced fracture networks / Deborah Glosser and Jennifer R. Bauer -- Fracture spacing design for multistage hydraulic fracturing completions for improved productivity / D. Maity, J. Ciezobka and I. Salehi -- Clustering-based optimal perforation design using well logs / Andrei S. Popa, Steve Cassidy and Sinisha Jikich -- Horizontal well spacing and hydraulic fracturing design optimization : a case study on Utica-Point Pleasant Shale play / Alireza Shahkarami and Guochang Wang -- Geomechanical modeling of fault systems using the material point method : application to the estimation of induced seismicity potential to bolster hydraulic fracturing social license / Nicholas M. Umholtz and Ahmed Ouenes -- Correlating pressure with microseismic to understand fluid-reservoir interactions during hydraulic fracturing / Debotyam Maity -- Multigrid fracture stimulated reservoir volume mapping coupled with a novel mathematical optimization approach to shale reservoir well and fracture design / Ahmed Alzahabi, Noah Berlow, M.Y. Soliman and Ghazi AlQahtani -- A semi-analytical model for predicting productivity of refractured oil wells with uniformly distributed radial fractures / Xiao Cai, Boyun Guo and Gao Li -- The role of human factors considerations and safety culture in the safety of hydraulic fracturing (fracking) / Jamie Heinecke, Nima Jabbari and Najmedin Meshkati -- Flowback of fracturing fluids with upgraded visualization of hydraulic fractures and its implications on overall well performance / Khush Desai and Fred Aminzadeh -- Assessing the groundwater contamination potential from a well in a hydraulic fracturing operation / Nima Jabbari, Fred Aminzadeh and Felipe P.J. de Barros.</subfield>
  </datafield>
  <datafield tag="520" ind1=" " ind2=" ">
    <subfield code="a">&quot;Hydraulic fracturing (or &quot;fracking&quot;) has been a source of both achievement and controversy for years, and it continues to be a hot-button issue all over the world. It has made the United States an energy exporting country once again and kept the price of gasoline low, for consumers and companies. On the other hand, it has been potentially a dangerous and destructive practice that has led to environmental problems and health issues. It is a deeply important subject for the petroleum engineer to explore as much as possible. This collection of papers is the first in the series, Sustainable Energy Engineering, tackling this very complex process of hydraulic fracturing and its environmental and economic ramifications. Born out of the journal by the same name, formerly published by Scrivener Publishing, most of the articles in this volume have been updated, and there are some new additions, as well, to keep the engineer abreast of any updates and new methods in the industry. Truly a snapshot of the state-of-the-art, this groundbreaking volume is a must-have for any petroleum engineer working in the field, environmental engineers, petroleum engineering students, and any other engineer or scientist working with hydraulic fracturing&quot;--</subfield>
    <subfield code="c">Provided by publisher.</subfield>
  </datafield>
  <datafield tag="650" ind1=" " ind2="0">
    <subfield code="a">Hydraulic fracturing.</subfield>
  </datafield>
  <datafield tag="650" ind1=" " ind2="0">
    <subfield code="a">Hydraulic fracturing</subfield>
    <subfield code="x">Environmental aspects.</subfield>
  </datafield>
  <datafield tag="650" ind1=" " ind2="0">
    <subfield code="a">Sustainable engineering.</subfield>
  </datafield>
  <datafield tag="700" ind1="1" ind2=" ">
    <subfield code="a">Aminzadeh, Fred,</subfield>
    <subfield code="e">editor.</subfield>
  </datafield>
  <datafield tag="776" ind1="0" ind2="8">
    <subfield code="i">Online version:</subfield>
    <subfield code="t">Hydraulic fracturing and well stimulation.</subfield>
    <subfield code="d">Hoboken, NJ : Wiley-Scrivener, 2020.</subfield>
    <subfield code="z">9781119555728</subfield>
    <subfield code="w">(DLC)  2019041382</subfield>
  </datafield>
  <datafield tag="985" ind1=" " ind2=" ">
    <subfield code="a">LBSORCIP</subfield>
    <subfield code="d">2019-12-21</subfield>
  </datafield>
</record>