
<record>
  <leader>05319cam a22003498i 4500</leader>
  <controlfield tag="001">21348976</controlfield>
  <controlfield tag="005">20200102115341.0</controlfield>
  <controlfield tag="008">191221s2020    flu      b    001 0 eng  </controlfield>
  <datafield tag="906" ind1=" " ind2=" ">
    <subfield code="a">0</subfield>
    <subfield code="b">ibc</subfield>
    <subfield code="c">orignew</subfield>
    <subfield code="d">1</subfield>
    <subfield code="e">ecip</subfield>
    <subfield code="f">20</subfield>
    <subfield code="g">y-gencatlg</subfield>
  </datafield>
  <datafield tag="925" ind1="0" ind2=" ">
    <subfield code="a">acquire</subfield>
    <subfield code="b">1 shelf copy</subfield>
    <subfield code="x">policy default</subfield>
  </datafield>
  <datafield tag="955" ind1=" " ind2=" ">
    <subfield code="b">LBSOR 2019-12-21</subfield>
    <subfield code="e">rk21 2020-01-02 to Dewey (telework)</subfield>
  </datafield>
  <datafield tag="010" ind1=" " ind2=" ">
    <subfield code="a">  2019043481</subfield>
  </datafield>
  <datafield tag="020" ind1=" " ind2=" ">
    <subfield code="a">9781138347670</subfield>
    <subfield code="q">(hardcover)</subfield>
  </datafield>
  <datafield tag="040" ind1=" " ind2=" ">
    <subfield code="a">LBSOR/DLC</subfield>
    <subfield code="b">eng</subfield>
    <subfield code="e">rda</subfield>
    <subfield code="c">DLC</subfield>
  </datafield>
  <datafield tag="042" ind1=" " ind2=" ">
    <subfield code="a">pcc</subfield>
  </datafield>
  <datafield tag="050" ind1="0" ind2="0">
    <subfield code="a">TP370.9.M38</subfield>
    <subfield code="b">M375 2020</subfield>
  </datafield>
  <datafield tag="245" ind1="0" ind2="0">
    <subfield code="a">Mathematical and statistical applications in food engineering /</subfield>
    <subfield code="c">editors, Surajbhan Sevda, Anoop Singh.</subfield>
  </datafield>
  <datafield tag="263" ind1=" " ind2=" ">
    <subfield code="a">1912</subfield>
  </datafield>
  <datafield tag="264" ind1=" " ind2="1">
    <subfield code="a">Boca Raton :</subfield>
    <subfield code="b">CRC Press ;</subfield>
    <subfield code="b">Taylor &amp; Francis Group,</subfield>
    <subfield code="c">[2020]</subfield>
  </datafield>
  <datafield tag="300" ind1=" " ind2=" ">
    <subfield code="a">pages cm</subfield>
  </datafield>
  <datafield tag="336" ind1=" " ind2=" ">
    <subfield code="a">text</subfield>
    <subfield code="b">txt</subfield>
    <subfield code="2">rdacontent</subfield>
  </datafield>
  <datafield tag="337" ind1=" " ind2=" ">
    <subfield code="a">unmediated</subfield>
    <subfield code="b">n</subfield>
    <subfield code="2">rdamedia</subfield>
  </datafield>
  <datafield tag="338" ind1=" " ind2=" ">
    <subfield code="a">volume</subfield>
    <subfield code="b">nc</subfield>
    <subfield code="2">rdacarrier</subfield>
  </datafield>
  <datafield tag="500" ind1=" " ind2=" ">
    <subfield code="a">&quot;A Science Publishers book.&quot;</subfield>
  </datafield>
  <datafield tag="504" ind1=" " ind2=" ">
    <subfield code="a">Includes bibliographical references and index.</subfield>
  </datafield>
  <datafield tag="505" ind1="0" ind2=" ">
    <subfield code="a">Role of mathematical and statistical modelling in food engineering / Surajbhan Sevda and Anoop Singh -- Evolutionary optimization techniques as effective tools for process modelling in food processing / Lakshmishri Roy, Debabrata Bera and Vijay Kumar Garlapati -- The use and importance of design of experiments (DOE) in process modelling in food engineering / Daniel Granato, Verônica Calado and Edmilson Rodrigues Pinto -- Application of full factorial design in food processing for optimization of microbial food products / Davor Valinger, Jasna Gajdoš Kljusurić, Danijela Bursać Kovačević, Predrag Putnik and Anet Režek Jambrak -- The use of correlation, association and regression to analyze food processes and products / Jimy Oblitas, Himer Avila-George and Wilson Castro -- Application of cluster analysis in food science and technology / J. Chapman, A. Power, and D. Cozzolino -- Multiway statistical methods for food engineering and technology / Smita S. Lele and Snehasis Chakraborty -- Application of multivariate statistical analysis for quality control of food products / Soumen Ghosh and Jayeeta Mitra -- Importance of normality testing, parametric and non-parametric approach, association, correlation and linear regression (multiple &amp; multivariate) of data in food &amp; bio-process engineering / Soumen Ghosh and Jayeeta Mitra -- Comparison and partial least squares regression (PLSR) and principal component regression (PCR) methods in food engineering / Chandra B. Singh and Digvir S. Jayas -- Application of partial least squares regression model in food engineering / Wilson Manuel Castro, Jimy Oblitas, Edward E. Rojas and Himer Avila-George -- Mathematical modelling of high pressure process in food engineering / Deepak Kadam, Surajbhan Sevda, Namrata Tyagi and Chetan Joshi -- Application of response surface methodology in food engineering and technology / Narjes Malekjani and Seid Mahdi Jafari -- A mathematical approach to the modelling of the rheological properties of solid foods / Ryszard Myhan and Marek Markowski -- Mathematical approaches to the analysis of microbiological data in food technology/engineering / Jyoti Singh and Vishal Mishra -- Mathematical models  : CFD simulations in food processing with digital tools / Abhishek Dutta, Ferruh Erdoğdu and Fabrizio Sarghini -- Application of multivariate statistical analysis for food safety and quality assurance / S. Jancy and R. Preetha -- Mathematical modelling in food science through the paradigm of eggplant drying / A. Adrover and A. Brasiello -- Use of mathematical modelling of baking behaviour dough biscuits / Baldino Noemi, Lupi Francesca R, Gabriele Domenico and Bruno de Cindio -- Applications of principal component analysis (PCA) for fruit juice recovery multiple factor analysis for sensory evaluation / Debabrata Bera, Lakshmishri Roy and Tanmoy Bhattacharya -- Use of neural networks in optimizing food processes / R.A. Conde-Gutiérrez, U. Cruz-Jacobo and J.A. Hernández -- Application of neural networks in optimizing different food processes : case study / K.K. Dash, G.V.S. Bhagya Raj and M.A. Gayary -- Mathematical modelling for predicting temperature processing during microwave heating / Coskan Ilicali, Filiz Icier and Ömer Faruk Cokgezme -- The reaction engineering approach (REA) applied for mathematical modelling of microwave drying / Aditya Putranto and Xiao Dong Chen -- Modelling of heat transfer during deep fat frying of food / Kshirod K Dash, Maanas Sharma and M.A. Bareen.</subfield>
  </datafield>
  <datafield tag="520" ind1=" " ind2=" ">
    <subfield code="a">&quot;Written by experts from all over the world, the book comprises the latest applications of mathematical and models in food engineering and fermentation. It provides the fundamentals on statistical methods to solve standard problems associated with food engineering and fermentation technology. Combining theory with a practical, hands-on approach, this book covers key aspects of food engineering. Presenting cutting-edge information, the book is an essential reference on the fundamental concepts associated with food engineering&quot;--</subfield>
    <subfield code="c">Provided by publisher.</subfield>
  </datafield>
  <datafield tag="650" ind1=" " ind2="0">
    <subfield code="a">Food industry and trade</subfield>
    <subfield code="x">Mathematical models.</subfield>
  </datafield>
  <datafield tag="650" ind1=" " ind2="0">
    <subfield code="a">Food industry and trade</subfield>
    <subfield code="x">Statistical methods.</subfield>
  </datafield>
  <datafield tag="700" ind1="1" ind2=" ">
    <subfield code="a">Sevda, Surajbhan,</subfield>
    <subfield code="d">1985-</subfield>
    <subfield code="e">editor.</subfield>
  </datafield>
  <datafield tag="700" ind1="1" ind2=" ">
    <subfield code="a">Singh, Anoop</subfield>
    <subfield code="c">(Scientist),</subfield>
    <subfield code="e">editor.</subfield>
  </datafield>
  <datafield tag="985" ind1=" " ind2=" ">
    <subfield code="a">LBSORCIP</subfield>
    <subfield code="d">2019-12-21</subfield>
  </datafield>
</record>