
<record>
  <leader>02102cas a2200373 i 4500</leader>
  <controlfield tag="001">21348979</controlfield>
  <controlfield tag="005">20200102075659.0</controlfield>
  <controlfield tag="008">191230c200u9999ts qr p      f0    0ara  </controlfield>
  <datafield tag="010" ind1=" " ind2=" ">
    <subfield code="a">  2019327063</subfield>
  </datafield>
  <datafield tag="035" ind1=" " ind2=" ">
    <subfield code="a">(OCoLC)on1134244373</subfield>
  </datafield>
  <datafield tag="040" ind1=" " ind2=" ">
    <subfield code="a">DLC</subfield>
    <subfield code="b">eng</subfield>
    <subfield code="e">rda</subfield>
    <subfield code="c">DLC</subfield>
    <subfield code="d">DLC</subfield>
    <subfield code="d">OCLCO</subfield>
  </datafield>
  <datafield tag="041" ind1="0" ind2=" ">
    <subfield code="a">ara</subfield>
    <subfield code="a">eng</subfield>
  </datafield>
  <datafield tag="042" ind1=" " ind2=" ">
    <subfield code="a">pcc</subfield>
  </datafield>
  <datafield tag="043" ind1=" " ind2=" ">
    <subfield code="a">a-ts---</subfield>
  </datafield>
  <datafield tag="050" ind1="0" ind2="0">
    <subfield code="a">HJ7035.5.A1</subfield>
    <subfield code="b">J365</subfield>
  </datafield>
  <datafield tag="066" ind1=" " ind2=" ">
    <subfield code="c">(3</subfield>
  </datafield>
  <datafield tag="245" ind1="0" ind2="0">
    <subfield code="6">880-01</subfield>
    <subfield code="a">Jamārik al-Imārāt :</subfield>
    <subfield code="b">majallah faṣlīyah mutakhaṣṣiṣ̣ah taṣduru ʻan al-Hayʼah al-Ittiḥādīyah lil-Jamārik - Dawlat al-Imārāt al-ʻArabīyah al-Muttaḥidah.</subfield>
  </datafield>
  <datafield tag="246" ind1="1" ind2="3">
    <subfield code="a">Emirates customs</subfield>
  </datafield>
  <datafield tag="264" ind1=" " ind2="1">
    <subfield code="6">880-02</subfield>
    <subfield code="a">Abū Ẓaby, Dawlat al-Imārāt al-ʻArabīyah al-Muttaḥidah :</subfield>
    <subfield code="b">al-Hayʼah al-Ittiḥādīyah lil-Jamārik</subfield>
  </datafield>
  <datafield tag="300" ind1=" " ind2=" ">
    <subfield code="a">volumes :</subfield>
    <subfield code="b">color illustrations ;</subfield>
    <subfield code="c">28 cm</subfield>
  </datafield>
  <datafield tag="310" ind1=" " ind2=" ">
    <subfield code="a">Quarterly</subfield>
  </datafield>
  <datafield tag="336" ind1=" " ind2=" ">
    <subfield code="a">text</subfield>
    <subfield code="2">rdacontent</subfield>
  </datafield>
  <datafield tag="337" ind1=" " ind2=" ">
    <subfield code="a">unmediated</subfield>
    <subfield code="2">rdamedia</subfield>
  </datafield>
  <datafield tag="338" ind1=" " ind2=" ">
    <subfield code="a">volume</subfield>
    <subfield code="2">rdacarrier</subfield>
  </datafield>
  <datafield tag="530" ind1=" " ind2=" ">
    <subfield code="a">Also issued online.</subfield>
  </datafield>
  <datafield tag="546" ind1=" " ind2=" ">
    <subfield code="a">Chiefly in Arabic; some English.</subfield>
  </datafield>
  <datafield tag="588" ind1=" " ind2=" ">
    <subfield code="a">Description based on: al-ʻAdad 11 (Yūliyū 2019); title from cover.</subfield>
  </datafield>
  <datafield tag="650" ind1=" " ind2="0">
    <subfield code="a">Customs administration</subfield>
    <subfield code="z">United Arab Emirates</subfield>
    <subfield code="v">Periodicals.</subfield>
  </datafield>
  <datafield tag="710" ind1="1" ind2=" ">
    <subfield code="6">880-03</subfield>
    <subfield code="a">United Arab Emirates.</subfield>
    <subfield code="b">Majlis al-Wuzarāʼ.</subfield>
    <subfield code="b">Hayʼah al-Ittiḥādīyah lil-Jamārik,</subfield>
    <subfield code="e">issuing body.</subfield>
  </datafield>
  <datafield tag="850" ind1=" " ind2=" ">
    <subfield code="a">DLC</subfield>
  </datafield>
  <datafield tag="859" ind1="4" ind2="1">
    <subfield code="u">https://www.fca.gov.ae/ar/mediacommunity/pages/EmiratesCustoms.aspx?&amp;FilterField1=_x0627__x0644__x0646__x0648__x0639_&amp;FilterValue1=%D9%85%D8%AC%D9%84%D8%A9%20%D8%AC%D9%85%D8%A7%D8%B1%D9%83%20%D8%A7%D9%84%D8%A7%D9%85%D8%A7%D8%B1%D8%A7%D8%AA&amp;SelectedTab=25</subfield>
  </datafield>
  <datafield tag="880" ind1="0" ind2="0">
    <subfield code="6">245-01/(3/r</subfield>
    <subfield code="a">جمارك الامارات :</subfield>
    <subfield code="b">مجلة فصلية متخصصة تصدر عن الهيئه الاتحادية للجمارك - دولة الامارات العربية المتحدة.</subfield>
  </datafield>
  <datafield tag="880" ind1=" " ind2="1">
    <subfield code="6">264-02/(3/r</subfield>
    <subfield code="a">ابو ظبي، دولة الامارات العربية المتحدة :</subfield>
    <subfield code="b">الهيئه الاتحادية للجمارك</subfield>
  </datafield>
  <datafield tag="880" ind1="1" ind2=" ">
    <subfield code="6">710-03/(3/r</subfield>
    <subfield code="a">United Arab Emirates.</subfield>
    <subfield code="b">Majlis al-Wuzarāʼ.</subfield>
    <subfield code="b">هيئه الاتحادية للجمارك،</subfield>
    <subfield code="e">issuing body.</subfield>
  </datafield>
</record>