
<record>
  <leader>02633cam a22004458i 4500</leader>
  <controlfield tag="001">21349154</controlfield>
  <controlfield tag="005">20200102064130.0</controlfield>
  <controlfield tag="008">191208s2020    enk     ob    001 0 eng  </controlfield>
  <controlfield tag="006">m |o d | </controlfield>
  <controlfield tag="007">cr_|||||||||||</controlfield>
  <datafield tag="906" ind1=" " ind2=" ">
    <subfield code="a">7</subfield>
    <subfield code="b">cbc</subfield>
    <subfield code="c">orignew</subfield>
    <subfield code="d">1</subfield>
    <subfield code="e">ecip</subfield>
    <subfield code="f">20</subfield>
    <subfield code="g">y-gencatlg</subfield>
  </datafield>
  <datafield tag="925" ind1="0" ind2=" ">
    <subfield code="a">acquire</subfield>
    <subfield code="e">ecip ebook</subfield>
    <subfield code="x">policy default</subfield>
  </datafield>
  <datafield tag="955" ind1=" " ind2=" ">
    <subfield code="a">ecip ebook 2020-01-02</subfield>
  </datafield>
  <datafield tag="010" ind1=" " ind2=" ">
    <subfield code="a">  2019034229</subfield>
  </datafield>
  <datafield tag="020" ind1=" " ind2=" ">
    <subfield code="a">9781315106434</subfield>
    <subfield code="q">(ebook)</subfield>
  </datafield>
  <datafield tag="020" ind1=" " ind2=" ">
    <subfield code="z">9781138093713</subfield>
    <subfield code="q">(hardback)</subfield>
  </datafield>
  <datafield tag="020" ind1=" " ind2=" ">
    <subfield code="z">9781138093744</subfield>
    <subfield code="q">(paperback)</subfield>
  </datafield>
  <datafield tag="040" ind1=" " ind2=" ">
    <subfield code="a">DLC</subfield>
    <subfield code="b">eng</subfield>
    <subfield code="c">DLC</subfield>
    <subfield code="e">rda</subfield>
  </datafield>
  <datafield tag="042" ind1=" " ind2=" ">
    <subfield code="a">pcc</subfield>
  </datafield>
  <datafield tag="043" ind1=" " ind2=" ">
    <subfield code="a">e-uk</subfield>
  </datafield>
  <datafield tag="050" ind1="0" ind2="0">
    <subfield code="a">LB2806.45</subfield>
  </datafield>
  <datafield tag="082" ind1="0" ind2="0">
    <subfield code="a">370.71/1</subfield>
    <subfield code="2">23</subfield>
  </datafield>
  <datafield tag="100" ind1="1" ind2=" ">
    <subfield code="a">Durrant, Judy,</subfield>
    <subfield code="e">author.</subfield>
  </datafield>
  <datafield tag="245" ind1="1" ind2="0">
    <subfield code="a">Teacher agency, professional development and school improvement /</subfield>
    <subfield code="c">Judy Durrant.</subfield>
  </datafield>
  <datafield tag="263" ind1=" " ind2=" ">
    <subfield code="a">2002</subfield>
  </datafield>
  <datafield tag="264" ind1=" " ind2="1">
    <subfield code="a">Abingdon, Oxon ;</subfield>
    <subfield code="a">New York, NY :</subfield>
    <subfield code="b">Routledge,</subfield>
    <subfield code="c">2020.</subfield>
  </datafield>
  <datafield tag="300" ind1=" " ind2=" ">
    <subfield code="a">1 online resource</subfield>
  </datafield>
  <datafield tag="336" ind1=" " ind2=" ">
    <subfield code="a">text</subfield>
    <subfield code="b">txt</subfield>
    <subfield code="2">rdacontent</subfield>
  </datafield>
  <datafield tag="337" ind1=" " ind2=" ">
    <subfield code="a">computer</subfield>
    <subfield code="b">n</subfield>
    <subfield code="2">rdamedia</subfield>
  </datafield>
  <datafield tag="338" ind1=" " ind2=" ">
    <subfield code="a">online resource</subfield>
    <subfield code="b">nc</subfield>
    <subfield code="2">rdacarrier</subfield>
  </datafield>
  <datafield tag="504" ind1=" " ind2=" ">
    <subfield code="a">Includes bibliographical references and index.</subfield>
  </datafield>
  <datafield tag="505" ind1="0" ind2=" ">
    <subfield code="a">&quot;... A difference needs to be made&quot; -- Improving schools in context -- Professional development, identity and agency -- The role of teachers in changing schools -- Leading school cultures to support teacher agency -- An agentic framework for education -- Methodologies for agency, participation and voice -- Agency for sustainable futures.</subfield>
  </datafield>
  <datafield tag="520" ind1=" " ind2=" ">
    <subfield code="a">&quot;At the heart of the book is a fresh perspective on schooling, in which teacher agency is considered fundamental to professional development and school improvement. Compelling evidence into the role of teachers in school change provides the basis for frameworks and practical models, while examples of projects and programmes illustrate how to make this explicit in professional development and school improvement. Readers are invited to reconceptualise professional development, re-imagine school improvement and focus on enabling teacher agency as the foundation for change&quot;--</subfield>
    <subfield code="c">Provided by publisher.</subfield>
  </datafield>
  <datafield tag="588" ind1=" " ind2=" ">
    <subfield code="a">Description based on print version record and CIP data provided by publisher; resource not viewed.</subfield>
  </datafield>
  <datafield tag="650" ind1=" " ind2="0">
    <subfield code="a">Teacher participation in administration</subfield>
    <subfield code="z">Great Britain.</subfield>
  </datafield>
  <datafield tag="650" ind1=" " ind2="0">
    <subfield code="a">Teachers</subfield>
    <subfield code="x">In-service training</subfield>
    <subfield code="z">Great Britain.</subfield>
  </datafield>
  <datafield tag="650" ind1=" " ind2="0">
    <subfield code="a">Educational change</subfield>
    <subfield code="z">Great Britain.</subfield>
  </datafield>
  <datafield tag="650" ind1=" " ind2="0">
    <subfield code="a">School improvement programs</subfield>
    <subfield code="z">Great Britain.</subfield>
  </datafield>
  <datafield tag="776" ind1="0" ind2="8">
    <subfield code="i">Print version:</subfield>
    <subfield code="a">Durrant, Judy.</subfield>
    <subfield code="t">Teacher agency, professional development and school improvement</subfield>
    <subfield code="d">Abingdon, Oxon ; New York, NY : Routledge, 2020.</subfield>
    <subfield code="z">9781138093713</subfield>
    <subfield code="w">(DLC) 2019034228</subfield>
  </datafield>
  <datafield tag="985" ind1=" " ind2=" ">
    <subfield code="a">LC online resource</subfield>
    <subfield code="d">2020-01-02</subfield>
  </datafield>
</record>