
<record>
  <leader>03982cam a22004218i 4500</leader>
  <controlfield tag="001">21349162</controlfield>
  <controlfield tag="005">20200102064718.0</controlfield>
  <controlfield tag="008">191223s2020    nyu     ob    000 0 eng  </controlfield>
  <controlfield tag="006">m |o d | </controlfield>
  <controlfield tag="007">cr_|||||||||||</controlfield>
  <datafield tag="906" ind1=" " ind2=" ">
    <subfield code="a">7</subfield>
    <subfield code="b">cbc</subfield>
    <subfield code="c">orignew</subfield>
    <subfield code="d">1</subfield>
    <subfield code="e">ecip</subfield>
    <subfield code="f">20</subfield>
    <subfield code="g">y-gencatlg</subfield>
  </datafield>
  <datafield tag="925" ind1="0" ind2=" ">
    <subfield code="a">acquire</subfield>
    <subfield code="e">ecip ebook</subfield>
    <subfield code="x">policy default</subfield>
  </datafield>
  <datafield tag="955" ind1=" " ind2=" ">
    <subfield code="a">ecip ebook 2020-01-02</subfield>
  </datafield>
  <datafield tag="010" ind1=" " ind2=" ">
    <subfield code="a">  2019059616</subfield>
  </datafield>
  <datafield tag="020" ind1=" " ind2=" ">
    <subfield code="a">9780429468285</subfield>
    <subfield code="q">(ebook)</subfield>
  </datafield>
  <datafield tag="020" ind1=" " ind2=" ">
    <subfield code="z">9781138605169</subfield>
    <subfield code="q">(hardback)</subfield>
  </datafield>
  <datafield tag="020" ind1=" " ind2=" ">
    <subfield code="z">9781138605176</subfield>
    <subfield code="q">(paperback)</subfield>
  </datafield>
  <datafield tag="040" ind1=" " ind2=" ">
    <subfield code="a">DLC</subfield>
    <subfield code="b">eng</subfield>
    <subfield code="c">DLC</subfield>
    <subfield code="e">rda</subfield>
  </datafield>
  <datafield tag="042" ind1=" " ind2=" ">
    <subfield code="a">pcc</subfield>
  </datafield>
  <datafield tag="050" ind1="0" ind2="0">
    <subfield code="a">LB1139.23</subfield>
  </datafield>
  <datafield tag="082" ind1="0" ind2="0">
    <subfield code="a">372.21</subfield>
    <subfield code="2">23</subfield>
  </datafield>
  <datafield tag="245" ind1="0" ind2="4">
    <subfield code="a">The sciences of early childhood education :</subfield>
    <subfield code="b">from diverse perspectives to common practices /</subfield>
    <subfield code="c">edited by Dominic F. Gullo and M. Elizabeth Graue.</subfield>
  </datafield>
  <datafield tag="263" ind1=" " ind2=" ">
    <subfield code="a">2006</subfield>
  </datafield>
  <datafield tag="264" ind1=" " ind2="1">
    <subfield code="a">New York, NY :</subfield>
    <subfield code="b">Routledge,</subfield>
    <subfield code="c">2020.</subfield>
  </datafield>
  <datafield tag="300" ind1=" " ind2=" ">
    <subfield code="a">1 online resource</subfield>
  </datafield>
  <datafield tag="336" ind1=" " ind2=" ">
    <subfield code="a">text</subfield>
    <subfield code="b">txt</subfield>
    <subfield code="2">rdacontent</subfield>
  </datafield>
  <datafield tag="337" ind1=" " ind2=" ">
    <subfield code="a">computer</subfield>
    <subfield code="b">n</subfield>
    <subfield code="2">rdamedia</subfield>
  </datafield>
  <datafield tag="338" ind1=" " ind2=" ">
    <subfield code="a">online resource</subfield>
    <subfield code="b">nc</subfield>
    <subfield code="2">rdacarrier</subfield>
  </datafield>
  <datafield tag="504" ind1=" " ind2=" ">
    <subfield code="a">Includes bibliographical references.</subfield>
  </datafield>
  <datafield tag="505" ind1="0" ind2=" ">
    <subfield code="a">Characterizing the scientific influences in early childhood education / Dominic Gullo -- Systems science and its impact on early childhood education and care / Lynn Kagan and Eva Landsberg -- Policy and political influences on early childhood education / Jacqueline Jones and Sara Vecchiotti -- Bioecological systems influences on early childhood education / Jessica Navaro, Fabienne Doucet, and Jonathon Tudge -- Psychological sciences impact on early childhood education : developmental influences / David Elkind -- Psychological sciences impact on early childhood education : child&apos;s mind in society : a Vygotskian approach to early childhood education / Elena Bodrova and Deborah Leong -- Anthropological contributions to early childhood education : on culture, context and the construction of the child / Sally Campbell -- A sociology of early childhood education : learning to be civilized / Norman Gabriel -- The contributions of economics to early childhood education and care / Steve Barnett, Raqel Bernal, and Milagos Nores -- The importance of the pedagogical sciences to early childhood education / Sharon Ryan and M. Elizabeth Graue -- The critical contributions of assessment science to early childhood education / Kathleen Hebbeler and Megan Cox -- Medical sciences influences on early childhood education / Magdalena Janus, Ayesha Siddiqua, and Salmi Noor -- The influences of neuroscience on early childhood education / Rebecca Distefano, Ellen Galinsky, and Phillip Zelazo -- Building a research framework : models, approaches, neglected areas and next steps / Dom Gullo and Beth Graue.</subfield>
  </datafield>
  <datafield tag="520" ind1=" " ind2=" ">
    <subfield code="a">&quot;The Sciences of Early Childhood Education offers a new framework for examining the diverse scientific perspectives that shape early childhood education. As the field takes on an increasing role in addressing children&apos;s educational, developmental, and environmental needs, it is critical to more fully understand and appreciate the diverse scientific roots of contemporary early childhood education. This edited collection brings together leading researchers to explain and unpack perspectives that are not often associated with early childhood education, yet have made significant contributions to its development and evolution. Essential reading for anyone working with young children, this critical and insightful text illuminates the connections between our social values, science, and research in the field&quot;--</subfield>
    <subfield code="c">Provided by publisher.</subfield>
  </datafield>
  <datafield tag="588" ind1=" " ind2=" ">
    <subfield code="a">Description based on print version record and CIP data provided by publisher; resource not viewed.</subfield>
  </datafield>
  <datafield tag="650" ind1=" " ind2="0">
    <subfield code="a">Early childhood education.</subfield>
  </datafield>
  <datafield tag="650" ind1=" " ind2="0">
    <subfield code="a">Child development.</subfield>
  </datafield>
  <datafield tag="700" ind1="1" ind2=" ">
    <subfield code="a">Gullo, Dominic F.,</subfield>
    <subfield code="e">editor.</subfield>
  </datafield>
  <datafield tag="700" ind1="1" ind2=" ">
    <subfield code="a">Graue, M. Elizabeth,</subfield>
    <subfield code="d">1956-</subfield>
    <subfield code="e">editor.</subfield>
  </datafield>
  <datafield tag="776" ind1="0" ind2="8">
    <subfield code="i">Print version:</subfield>
    <subfield code="t">The sciences of early childhood education</subfield>
    <subfield code="d">New York, NY : Routledge, 2020.</subfield>
    <subfield code="z">9781138605169</subfield>
    <subfield code="w">(DLC) 2019059615</subfield>
  </datafield>
  <datafield tag="985" ind1=" " ind2=" ">
    <subfield code="a">LC online resource</subfield>
    <subfield code="d">2020-01-02</subfield>
  </datafield>
</record>